
   <marc:record>
      <marc:leader>     nam  22      i 4500</marc:leader>
      <marc:controlfield tag="006">m     o  d        </marc:controlfield>
      <marc:controlfield tag="007">cr |||||||||||</marc:controlfield>
      <marc:controlfield tag="008">      s2022    flu     obm   000 0 eng d</marc:controlfield>
      <marc:datafield tag="040" ind1=" " ind2=" ">
         <marc:subfield code="a">FDA</marc:subfield>
         <marc:subfield code="b">eng</marc:subfield>
         <marc:subfield code="e">rda</marc:subfield>
         <marc:subfield code="c">FDA</marc:subfield>
      </marc:datafield>
      <marc:datafield tag="050" ind1=" " ind2="4">
         <marc:subfield code="a">RA565</marc:subfield>
      </marc:datafield>
      <marc:datafield tag="100" ind1="1" ind2=" ">
         <marc:subfield code="a">Ahn, Yoonjung,</marc:subfield>
         <marc:subfield code="e">author</marc:subfield>
      </marc:datafield>
      <marc:datafield tag="245" ind1="1" ind2="0">
         <marc:subfield code="a">Extreme Heat Prevention Measures for Indoor and Outdoor Environments /</marc:subfield>
         <marc:subfield code="c">by Yoonjung Ahn</marc:subfield>
      </marc:datafield>
      <marc:datafield tag="264" ind1=" " ind2="1">
         <marc:subfield code="a">Tallahassee, Florida :</marc:subfield>
         <marc:subfield code="b">Florida State University,</marc:subfield>
         <marc:subfield code="c">2022</marc:subfield>
      </marc:datafield>
      <marc:datafield tag="300" ind1=" " ind2=" ">
         <marc:subfield code="a">1 online resource (109 pages)</marc:subfield>
      </marc:datafield>
      <marc:datafield tag="336" ind1=" " ind2=" ">
         <marc:subfield code="a">text</marc:subfield>
         <marc:subfield code="b">txt</marc:subfield>
         <marc:subfield code="2">rdacontent</marc:subfield>
      </marc:datafield>
      <marc:datafield tag="337" ind1=" " ind2=" ">
         <marc:subfield code="a">computer</marc:subfield>
         <marc:subfield code="b">c</marc:subfield>
         <marc:subfield code="2">rdamedia</marc:subfield>
      </marc:datafield>
      <marc:datafield tag="338" ind1=" " ind2=" ">
         <marc:subfield code="a">online resource</marc:subfield>
         <marc:subfield code="b">cr</marc:subfield>
         <marc:subfield code="2">rdacarrier</marc:subfield>
      </marc:datafield>
      <marc:datafield tag="347" ind1=" " ind2=" ">
         <marc:subfield code="a">text file</marc:subfield>
         <marc:subfield code="2">rdaft</marc:subfield>
      </marc:datafield>
      <marc:datafield tag="347" ind1=" " ind2=" ">
         <marc:subfield code="b">PDF</marc:subfield>
      </marc:datafield>
      <marc:datafield tag="538" ind1=" " ind2=" ">
         <marc:subfield code="a">System requirements: Adobe Reader or other PDF viewer.</marc:subfield>
      </marc:datafield>
      <marc:datafield tag="588" ind1=" " ind2=" ">
         <marc:subfield code="a">Description based on online resource; title from PDF title page.</marc:subfield>
      </marc:datafield>
      <marc:datafield tag="500" ind1=" " ind2=" ">
         <marc:subfield code="a">Extent pagination is PDF page count.</marc:subfield>
      </marc:datafield>
      <marc:datafield tag="500" ind1=" " ind2=" ">
         <marc:subfield code="a">Advisory committee: Christopher K. Uejio, Professor Directing Dissertation; Anke Meyer-Baese, University Representative; James B. Elsner, Committee Member; Sandy Wong, Committee Member.</marc:subfield>
      </marc:datafield>
      <marc:datafield tag="500" ind1=" " ind2=" ">
         <marc:subfield code="a">A Dissertation submitted to the Department of Geography in partial fulfillment of the requirements for the degree of Doctor of Philosophy.</marc:subfield>
      </marc:datafield>
      <marc:datafield tag="500" ind1=" " ind2=" ">
         <marc:subfield code="a">Date of Defense: March 07, 2022.</marc:subfield>
      </marc:datafield>
      <marc:datafield tag="500" ind1=" " ind2=" ">
         <marc:subfield code="a">Keywords: Air conditioning, Big data, Extreme heat, Outdoor activities, Property data, Wet Bulb Globe Temperature.</marc:subfield>
      </marc:datafield>
      <marc:datafield tag="502" ind1=" " ind2=" ">
         <marc:subfield code="b">Ph.D.</marc:subfield>
         <marc:subfield code="c">Florida State University</marc:subfield>
         <marc:subfield code="d">2022.</marc:subfield>
      </marc:datafield>
      <marc:datafield tag="520" ind1="3" ind2=" ">
         <marc:subfield code="a">EExtreme heat events impact a wide range of health consequences (McMichael, Woodruff, and Hales 2006; Hondula, Balling, et al. 2015). The United States Center for Disease Control (CDC) defined the most at-risk groups to be: older adults, infants and children, people with chronic conditions and/or take medications that influence thermoregulation, low income, people with high heat exposure (athletes, outdoor workers). The definition of the vulnerable group expanded to include pregnant women, people with inadequate cooling systems, people who have or recovered from COVID-19 (Global Heat Health Information Network 2022). These vulnerable groups are exposed to extreme heat in both indoor and outdoor environments (Bock et al. 2021; K. L. Ebi et al. 2021; Eisenman et al. 2016). Therefore, it is important to establish extreme heat intervention measures for both environments. The primary goal of this dissertation is to integrate novel data streams to implement extreme heat intervention measures more efficiently. To achieve the goal, Chapter 2 evaluated a modified WBGT hindcast using the historical National Digital Forecast Database (hourly air temperature, dew point temperature, wind speed) and the European Centre for Medium-Range Weather Forecasts Reanalysis v5 (hourly solar radiation and wind speed). We verified the hindcasts with hourly WBGT estimated from ground-based weather observations. After controlling for geographic attributes and temporal trends, the average difference between the hindcast and in situ data varied from -0.64 °C to 1.46°C for different Köppen-Geiger climate regions reliable for decision making. However, the results showed statistically significant variances according to geographical features such as aspect, coastal proximity, land use, topographic position index, and Köppen-Geiger climate categories. The largest absolute difference was observed in the arid desert climates (1.46: 95% CI: 1.45,1.47), including some parts of Nevada, Arizona, Colorado, and New Mexico. This research investigates geographic factors associated with systematic WBGT differences and points toward ways future forecasts may be statistically adjusted to improve accuracy. Chapter 3 investigated the relationship between WBGT and shared city bicycle activity in New York City (NYC) and San Francisco (SF), US. Generalized Additive Models examined nonlinear relationships between WBGT and bicycle activity while controlling for rider demographics and temporal trends. Next, bootstrapping estimated the "peak point," when the relationship between the bike rentals and WBGT notably changed. The analysis also examined whether the heat warning messages affected cycling activities. We found that the number of rented bikes declined at different peak points in each city. The peak point was 27.4°C (95% CI, 25.0°C -29.9°C) in NYC and 23.2°C (95% CI 22.3-24.0°C) in SF. Somewhat paradoxically, bike rentals increased when heat warnings were issued in both cities. Chapter 4 leveraged property databases and identified Air conditioning (AC) ownership in Florida, US. This study examined census tracts with the highest/lowest air conditioning saturation applying Morans'I and Local Indicators of Spatial Association (LISA). Moran's I result showed significant spatial autocorrelation of AC ownership. Clusters of significantly high and low values (p &lt; 0.05) of AC ownership were found across Florida. High-high clusters of AC ownership were found in the northern and eastern coastal Florida counties, with large metropolitan areas such as 39% in Duval County (Jacksonville), 20% in Sarasota County (Sarasota), 13% in Broward County (Fort Lauderdale), and 12% in Volusia County (Daytona Beach). Counties with clusters of no AC census tracts were located in the interior of Florida. We closely looked at AC prevalence clusters in Duval County, which contains the city of Jacksonville. High-value clusters of households without AC were found in the urban core, which has the most significant portion of poverty, poor housing conditions, and low education levels. Moreover, this study investigated the relationship between AC ownership and sociodemographic characteristics with a Spatial Durbin Model. We found a significant association between AC ownership and socioeconomic and urbanicity (urban and rural) variables. Among the socioeconomic variables: % Black/African American and % of historic Black/African Americans showed a significant positive relationship with the percentage of households without an AC. Our results can be used to identify neighborhoods that are in great need of AC and target heat prevention measures.</marc:subfield>
      </marc:datafield>
      <marc:datafield tag="504" ind1=" " ind2=" ">
         <marc:subfield code="a">Includes bibliographical references.</marc:subfield>
      </marc:datafield>
      <marc:datafield tag="650" ind1=" " ind2="0">
         <marc:subfield code="a">Environmental health</marc:subfield>
      </marc:datafield>
      <marc:datafield tag="650" ind1=" " ind2="0">
         <marc:subfield code="a">Climatic changes</marc:subfield>
      </marc:datafield>
      <marc:datafield tag="655" ind1=" " ind2="7">
         <marc:subfield code="a">Electronic Thesis or Dissertation.</marc:subfield>
         <marc:subfield code="2">dct</marc:subfield>
      </marc:datafield>
      <marc:datafield tag="690" ind1=" " ind2="7">
         <marc:subfield code="a">FSU Dissertations.</marc:subfield>
         <marc:subfield code="2">local</marc:subfield>
         <marc:subfield code="9">LOCAL</marc:subfield>
      </marc:datafield>
      <marc:datafield tag="710" ind1="2" ind2=" ">
         <marc:subfield code="a">Florida State University.</marc:subfield>
         <marc:subfield code="e">degree granting institution.</marc:subfield>
         <marc:subfield code="0">http://id.loc.gov/authorities/names/n80126238</marc:subfield>
      </marc:datafield>
      <marc:datafield tag="856" ind1="4" ind2="0">
         <marc:subfield code="3">DigiNole</marc:subfield>
         <marc:subfield code="u">https://purl.lib.fsu.edu/diginole/2022_Ahn_fsu_0071E_16992</marc:subfield>
         <marc:subfield code="y">Connect to online content:</marc:subfield>
      </marc:datafield>
      <marc:datafield tag="796" ind1="1" ind2=" ">
         <marc:subfield code="a">Uejio, Christopher K.,</marc:subfield>
         <marc:subfield code="e">professor directing dissertation</marc:subfield>
         <marc:subfield code="9">LOCAL</marc:subfield>
      </marc:datafield>
      <marc:datafield tag="796" ind1="1" ind2=" ">
         <marc:subfield code="a">Meyer-Bäse, Anke,</marc:subfield>
         <marc:subfield code="e">university representative</marc:subfield>
         <marc:subfield code="9">LOCAL</marc:subfield>
      </marc:datafield>
      <marc:datafield tag="796" ind1="1" ind2=" ">
         <marc:subfield code="a">Elsner, James B.,</marc:subfield>
         <marc:subfield code="e">committee member</marc:subfield>
         <marc:subfield code="9">LOCAL</marc:subfield>
      </marc:datafield>
      <marc:datafield tag="796" ind1="1" ind2=" ">
         <marc:subfield code="a">Mukherjee, Tathagata,</marc:subfield>
         <marc:subfield code="e">committee member</marc:subfield>
         <marc:subfield code="9">LOCAL</marc:subfield>
      </marc:datafield>
      <marc:datafield tag="796" ind1="1" ind2=" ">
         <marc:subfield code="a">Wong, Sandy,</marc:subfield>
         <marc:subfield code="e">committee member</marc:subfield>
         <marc:subfield code="9">LOCAL</marc:subfield>
      </marc:datafield>
      <marc:datafield tag="797" ind1="2" ind2=" ">
         <marc:subfield code="a">Florida State University.</marc:subfield>
         <marc:subfield code="b">Department of Geography.</marc:subfield>
         <marc:subfield code="9">LOCAL</marc:subfield>
      </marc:datafield>
      <marc:datafield tag="904" ind1=" " ind2=" ">
         <marc:subfield code="a">0</marc:subfield>
         <marc:subfield code="9">LOCAL</marc:subfield>
      </marc:datafield>
   </marc:record>