
   <marc:record>
      <marc:leader>     nam  22      i 4500</marc:leader>
      <marc:controlfield tag="006">m     o  d        </marc:controlfield>
      <marc:controlfield tag="007">cr |||||||||||</marc:controlfield>
      <marc:controlfield tag="008">      s2022    flu     obm   000 0 eng d</marc:controlfield>
      <marc:datafield tag="040" ind1=" " ind2=" ">
         <marc:subfield code="a">FDA</marc:subfield>
         <marc:subfield code="b">eng</marc:subfield>
         <marc:subfield code="e">rda</marc:subfield>
         <marc:subfield code="c">FDA</marc:subfield>
      </marc:datafield>
      <marc:datafield tag="050" ind1=" " ind2="4">
         <marc:subfield code="a">QD450</marc:subfield>
      </marc:datafield>
      <marc:datafield tag="100" ind1="1" ind2=" ">
         <marc:subfield code="a">Altenhof, Adam Robert,</marc:subfield>
         <marc:subfield code="e">author</marc:subfield>
      </marc:datafield>
      <marc:datafield tag="245" ind1="1" ind2="0">
         <marc:subfield code="a">New Methods for the Acquisition and Processing of Solid-State NMR Spectra /</marc:subfield>
         <marc:subfield code="c">by Adam Robert Altenhof</marc:subfield>
      </marc:datafield>
      <marc:datafield tag="264" ind1=" " ind2="1">
         <marc:subfield code="a">Tallahassee, Florida :</marc:subfield>
         <marc:subfield code="b">Florida State University,</marc:subfield>
         <marc:subfield code="c">2022</marc:subfield>
      </marc:datafield>
      <marc:datafield tag="300" ind1=" " ind2=" ">
         <marc:subfield code="a">1 online resource (451 pages)</marc:subfield>
      </marc:datafield>
      <marc:datafield tag="336" ind1=" " ind2=" ">
         <marc:subfield code="a">text</marc:subfield>
         <marc:subfield code="b">txt</marc:subfield>
         <marc:subfield code="2">rdacontent</marc:subfield>
      </marc:datafield>
      <marc:datafield tag="337" ind1=" " ind2=" ">
         <marc:subfield code="a">computer</marc:subfield>
         <marc:subfield code="b">c</marc:subfield>
         <marc:subfield code="2">rdamedia</marc:subfield>
      </marc:datafield>
      <marc:datafield tag="338" ind1=" " ind2=" ">
         <marc:subfield code="a">online resource</marc:subfield>
         <marc:subfield code="b">cr</marc:subfield>
         <marc:subfield code="2">rdacarrier</marc:subfield>
      </marc:datafield>
      <marc:datafield tag="347" ind1=" " ind2=" ">
         <marc:subfield code="a">text file</marc:subfield>
         <marc:subfield code="2">rdaft</marc:subfield>
      </marc:datafield>
      <marc:datafield tag="347" ind1=" " ind2=" ">
         <marc:subfield code="b">PDF</marc:subfield>
      </marc:datafield>
      <marc:datafield tag="538" ind1=" " ind2=" ">
         <marc:subfield code="a">System requirements: Adobe Reader or other PDF viewer.</marc:subfield>
      </marc:datafield>
      <marc:datafield tag="588" ind1=" " ind2=" ">
         <marc:subfield code="a">Description based on online resource; title from PDF title page.</marc:subfield>
      </marc:datafield>
      <marc:datafield tag="500" ind1=" " ind2=" ">
         <marc:subfield code="a">Extent pagination is PDF page count.</marc:subfield>
      </marc:datafield>
      <marc:datafield tag="500" ind1=" " ind2=" ">
         <marc:subfield code="a">Advisory committee: Robert W. Schurko, Professor Directing Dissertation; Richard Bertram, University Representative; Yan-Yan Hu, Committee Member; Wei Yang, Committee Member.</marc:subfield>
      </marc:datafield>
      <marc:datafield tag="500" ind1=" " ind2=" ">
         <marc:subfield code="a">A Dissertation submitted to the Department of Chemistry and Biochemistry in partial fulfillment of the requirements for the degree of Doctor of Philosophy.</marc:subfield>
      </marc:datafield>
      <marc:datafield tag="500" ind1=" " ind2=" ">
         <marc:subfield code="a">Date of Defense: March 31, 2022.</marc:subfield>
      </marc:datafield>
      <marc:datafield tag="500" ind1=" " ind2=" ">
         <marc:subfield code="a">Keywords: NMR, Pulse Sequence Design, Signal Processing, Solid-State NMR, Spin Dynamics.</marc:subfield>
      </marc:datafield>
      <marc:datafield tag="502" ind1=" " ind2=" ">
         <marc:subfield code="b">Ph.D.</marc:subfield>
         <marc:subfield code="c">Florida State University</marc:subfield>
         <marc:subfield code="d">2022.</marc:subfield>
      </marc:datafield>
      <marc:datafield tag="520" ind1="3" ind2=" ">
         <marc:subfield code="a">Solid-state nuclear magnetic resonance (SSNMR) is a powerful tool for the study of chemical structure and dynamics. The interactions that manifest in NMR spectra are anisotropic (i.e., orientation dependent) in origin, often resulting in inhomogeneous broadening that can yield spectra exceeding ca. 250 kHz in breadth; such spectra are often referred to as ultra-wideline (UW) NMR spectra. In many cases, UWNMR spectra cannot be acquired using conventional methods and rectangular radiofrequency (RF) pulses – rather, specialized pulses and techniques must be implemented. Furthermore, the large suite of high-resolution methods based on magic-angle spinning (MAS) are generally unsuitable for the acquisition of UWNMR spectra. Frequency-swept (FS) pulses are amplitude- and phase-modulated pulses that can irradiate NMR frequencies over large bandwidths. One of these is the wideband uniform-rate smooth-truncation (WURST) pulse, which features a linear effective frequency sweep. WURST pulses are used in the WURST-Carr-Purcell/Meiboom-Gill (WURST-CPMG) and broadband adiabatic inversion-cross polarization (BRAIN-CP) pulse sequences, which have been shown to be effective for the acquisition of UWNMR spectra of stationary (static) samples. These sequences have limitations, and to date, their capabilities have not been fully explored, nor have they been described from a theoretical point of view in a comprehensive manner.Signal processing is an integral component of pulsed-Fourier transform NMR spectroscopy, and comprises many protocols for enhancing spectral sensitivity and resolution. There has been much interest in advanced spectral processing methods such as alternate basis transformations (i.e., besides Fourier encoding), statistical analyses (e.g., singular value decomposition, SVD, and principal component analysis, PCA), numerical regression (e.g., non-negative least squares), and the use of deep learning and neural networks. Such methodologies are now routinely implemented in imaging and multidimensional solution NMR, but are seldom explored in SSNMR. This thesis describes the development of new methods for the acquisition and advanced processing of conventional, wideline, and UW SSNMR spectra, including: (i) the design of new pulses and pulse sequences with optimal control theory (OCT); (ii) the modification of existing pulse sequences for UWNMR under MAS conditions; (iii) achieving signal enhancements with CPMG pulse sequences via the suppression of weak homonuclear dipolar coupling interactions under static and MAS conditions; (iv) the application of the BRAIN-CP pulse sequence to integer-spin nuclei, along with a thorough theoretical treatment; (v) rapid and robust measurements of longitudinal relaxation time constants (T1) and T1 anisotropies from UWNMR spectra under static conditions; (vi) the development and application of advanced processing methods for resolving UWNMR relaxation data with inverse Laplace transforms; and (vii) the development of a Python library for denoising 1D and 2D NMR spectra with SVD, PCA, and wavelet transforms. It is hoped that these methods will open up the Periodic Table of elements to increasingly routine exploration by SSNMR spectroscopy, aiding researchers in chemistry, biochemistry, materials science, and physics with advanced molecular-level characterization of their materials.</marc:subfield>
      </marc:datafield>
      <marc:datafield tag="504" ind1=" " ind2=" ">
         <marc:subfield code="a">Includes bibliographical references.</marc:subfield>
      </marc:datafield>
      <marc:datafield tag="650" ind1=" " ind2="0">
         <marc:subfield code="a">Chemistry, Physical and theoretical</marc:subfield>
      </marc:datafield>
      <marc:datafield tag="655" ind1=" " ind2="7">
         <marc:subfield code="a">Electronic Thesis or Dissertation.</marc:subfield>
         <marc:subfield code="2">dct</marc:subfield>
      </marc:datafield>
      <marc:datafield tag="690" ind1=" " ind2="7">
         <marc:subfield code="a">FSU Dissertations.</marc:subfield>
         <marc:subfield code="2">local</marc:subfield>
         <marc:subfield code="9">LOCAL</marc:subfield>
      </marc:datafield>
      <marc:datafield tag="710" ind1="2" ind2=" ">
         <marc:subfield code="a">Florida State University.</marc:subfield>
         <marc:subfield code="e">degree granting institution.</marc:subfield>
         <marc:subfield code="0">http://id.loc.gov/authorities/names/n80126238</marc:subfield>
      </marc:datafield>
      <marc:datafield tag="856" ind1="4" ind2="0">
         <marc:subfield code="3">DigiNole</marc:subfield>
         <marc:subfield code="u">https://purl.lib.fsu.edu/diginole/2022_Altenhof_fsu_0071E_16945</marc:subfield>
         <marc:subfield code="y">Connect to online content:</marc:subfield>
      </marc:datafield>
      <marc:datafield tag="796" ind1="1" ind2=" ">
         <marc:subfield code="a">Schurko, Robert W.,</marc:subfield>
         <marc:subfield code="e">professor directing dissertation</marc:subfield>
         <marc:subfield code="9">LOCAL</marc:subfield>
      </marc:datafield>
      <marc:datafield tag="796" ind1="1" ind2=" ">
         <marc:subfield code="a">Bertram, R.</marc:subfield>
         <marc:subfield code="q">(Richard),</marc:subfield>
         <marc:subfield code="e">university representative</marc:subfield>
         <marc:subfield code="9">LOCAL</marc:subfield>
      </marc:datafield>
      <marc:datafield tag="796" ind1="1" ind2=" ">
         <marc:subfield code="a">Hu, Yan-yan,</marc:subfield>
         <marc:subfield code="e">committee member</marc:subfield>
         <marc:subfield code="9">LOCAL</marc:subfield>
      </marc:datafield>
      <marc:datafield tag="796" ind1="1" ind2=" ">
         <marc:subfield code="a">Yang, Wei,</marc:subfield>
         <marc:subfield code="e">committee member</marc:subfield>
         <marc:subfield code="9">LOCAL</marc:subfield>
      </marc:datafield>
      <marc:datafield tag="797" ind1="2" ind2=" ">
         <marc:subfield code="a">Florida State University.</marc:subfield>
         <marc:subfield code="b">Department of Chemistry and Biochemistry.</marc:subfield>
         <marc:subfield code="9">LOCAL</marc:subfield>
      </marc:datafield>
      <marc:datafield tag="904" ind1=" " ind2=" ">
         <marc:subfield code="a">0</marc:subfield>
         <marc:subfield code="9">LOCAL</marc:subfield>
      </marc:datafield>
   </marc:record>