
   <marc:record>
      <marc:leader>     nam  22      i 4500</marc:leader>
      <marc:controlfield tag="006">m     o  d        </marc:controlfield>
      <marc:controlfield tag="007">cr |||||||||||</marc:controlfield>
      <marc:controlfield tag="008">      s2022    flu     obm   000 0 eng d</marc:controlfield>
      <marc:datafield tag="040" ind1=" " ind2=" ">
         <marc:subfield code="a">FDA</marc:subfield>
         <marc:subfield code="b">eng</marc:subfield>
         <marc:subfield code="e">rda</marc:subfield>
         <marc:subfield code="c">FDA</marc:subfield>
      </marc:datafield>
      <marc:datafield tag="050" ind1=" " ind2="4">
         <marc:subfield code="a">QD31.3</marc:subfield>
      </marc:datafield>
      <marc:datafield tag="100" ind1="1" ind2=" ">
         <marc:subfield code="a">Beery, Drake,</marc:subfield>
         <marc:subfield code="e">author</marc:subfield>
      </marc:datafield>
      <marc:datafield tag="245" ind1="1" ind2="4">
         <marc:subfield code="a">The Conversion of Light to Electrical and Mechanical Energy via Triplet Sensitization /</marc:subfield>
         <marc:subfield code="c">by Drake Beery</marc:subfield>
      </marc:datafield>
      <marc:datafield tag="264" ind1=" " ind2="1">
         <marc:subfield code="a">Tallahassee, Florida :</marc:subfield>
         <marc:subfield code="b">Florida State University,</marc:subfield>
         <marc:subfield code="c">2022</marc:subfield>
      </marc:datafield>
      <marc:datafield tag="300" ind1=" " ind2=" ">
         <marc:subfield code="a">1 online resource (114 pages)</marc:subfield>
      </marc:datafield>
      <marc:datafield tag="336" ind1=" " ind2=" ">
         <marc:subfield code="a">text</marc:subfield>
         <marc:subfield code="b">txt</marc:subfield>
         <marc:subfield code="2">rdacontent</marc:subfield>
      </marc:datafield>
      <marc:datafield tag="337" ind1=" " ind2=" ">
         <marc:subfield code="a">computer</marc:subfield>
         <marc:subfield code="b">c</marc:subfield>
         <marc:subfield code="2">rdamedia</marc:subfield>
      </marc:datafield>
      <marc:datafield tag="338" ind1=" " ind2=" ">
         <marc:subfield code="a">online resource</marc:subfield>
         <marc:subfield code="b">cr</marc:subfield>
         <marc:subfield code="2">rdacarrier</marc:subfield>
      </marc:datafield>
      <marc:datafield tag="347" ind1=" " ind2=" ">
         <marc:subfield code="a">text file</marc:subfield>
         <marc:subfield code="2">rdaft</marc:subfield>
      </marc:datafield>
      <marc:datafield tag="347" ind1=" " ind2=" ">
         <marc:subfield code="b">PDF</marc:subfield>
      </marc:datafield>
      <marc:datafield tag="538" ind1=" " ind2=" ">
         <marc:subfield code="a">System requirements: Adobe Reader or other PDF viewer.</marc:subfield>
      </marc:datafield>
      <marc:datafield tag="588" ind1=" " ind2=" ">
         <marc:subfield code="a">Description based on online resource; title from PDF title page.</marc:subfield>
      </marc:datafield>
      <marc:datafield tag="500" ind1=" " ind2=" ">
         <marc:subfield code="a">Extent pagination is PDF page count.</marc:subfield>
      </marc:datafield>
      <marc:datafield tag="500" ind1=" " ind2=" ">
         <marc:subfield code="a">Advisory committee: Kenneth Hanson, Professor Directing Dissertation; Petru Andrei, University Representative; Susan E. Latturner, Committee Member; Justin G. Kennemur, Committee Member.</marc:subfield>
      </marc:datafield>
      <marc:datafield tag="500" ind1=" " ind2=" ">
         <marc:subfield code="a">A Dissertation submitted to the Department of Chemistry and Biochemistry in partial fulfillment of the requirements for the degree of Doctor of Philosophy.</marc:subfield>
      </marc:datafield>
      <marc:datafield tag="500" ind1=" " ind2=" ">
         <marc:subfield code="a">Date of Defense: March 29, 2022.</marc:subfield>
      </marc:datafield>
      <marc:datafield tag="500" ind1=" " ind2=" ">
         <marc:subfield code="a">Keywords: Photoisomerization, Photomechanical Polymers, Photon Upconversion, Solar Cell, Solar Energy Conversion, Triplet Sensitization.</marc:subfield>
      </marc:datafield>
      <marc:datafield tag="502" ind1=" " ind2=" ">
         <marc:subfield code="b">Ph.D.</marc:subfield>
         <marc:subfield code="c">Florida State University</marc:subfield>
         <marc:subfield code="d">2022.</marc:subfield>
      </marc:datafield>
      <marc:datafield tag="520" ind1="3" ind2=" ">
         <marc:subfield code="a">Light-matter interactions have not only enhanced our fundamental understanding of the universe but also plays a significant role in the advancement of technology. Scientific research in this area has led to breakthroughs in materials applications from photomechanics to photocatalysis, and the world’s need for new forms of energy production through renewables has brought about exciting new advances in the field of solar energy conversion (SEC). While current SEC technologies have made significant strides over the years they are limited by the cost of production and their inability to harness the full spectrum of the sun efficiently.Incorporating photon upconversion, via triplet−triplet annihilation (TTA-UC), directly into a solar cell is an intriguing strategy for harnessing sub-band gap photons and surpassing the Shockley-Queisser limit. A majority of TTA-UC solar cells commonly use difficult to synthesize and costly platinum and/or palladium porphyrin molecules as sensitizers. Chapter 3 presents a TTA-UC solar cell that incorporates quantum dot sensitizers directly into the photocurrent generation mechanism. The photoanodes are composed of a nanocrystalline TiO2 substrate, phosphonated diphenylanthracene (A) annihilator molecules, and CdSe QDs (QD) as the sensitizer in an inorganic-organic-inorganic layered architecture (TiO2-A-QD). The device assembly, performance, energy and electron dynamics, and dependence on the QD size is examined. Collectively, the results demonstrate that multilayer assemblies containing QD sensitizers is an effective strategy to harness UC in a TTA-UC solar cell. However, all integrated TTA-UC solar cells to date only harness visible light. In chapter 4, we incorporate an osmium polypyridal complex (Os) as the triplet sensitizer in a metal ion linked multilayer photoanode that is capable of harnessing NIR light via S0 to T1* excitation, triple energy transfer to a phosphonated bis(9,10-diphenylethynyl)anthracene annihilator (A2), TTA-UC, and electron injection into TiO2 from the upconverted state. The device assembly, performance, energy and electron dynamics are examined. Together, the results serve as a proof-of-concept that NIR photons can be harnessed via an integrated TTA-UC solar cell. Chapter 5 looks at another intriguing materials application of light-matter interactions in photoresponsive polymers. To date, nearly all photomechanical polymers utilize the azobenzene moiety whose direct excitation and trans-cis-trans isomerization induces a bulk mechanical response under UV/visible light. Due to its higher isomerization barrier, stilbene, the carbon based analogue of azobenzene, has the potential to produce a stronger mechanical response but has remained unused in photomechanics likely due to its hypsochromically shifted absorption that requires higher energy and damaging UV light to elicit a response. This chapter utilizes triplet excited state sensitization as a new mechanism to harness light in a stilbene based photopolymer. More specifically, iridium(III)bis[2-(4,6-difluorophenyl)pyridinato-C2,N](picolinato) (FIrPic) is incorporated as a triplet sensitizing dopant into a stilbene-based polyimide polymer film. Spectroscopic measurements support a stepwise mechanism involving 1) excitation of the sensitizers, 2) triplet energy transfer from the sensitizer to the stilbene moieties, 3) trans-cis-trans isomerization of stilbene, and 4) reorientation of stilbene within the polymer that results in a bulk response from the film. These results not only open the door to the use of stilbene-based photopolymers but also triplet sensitization as a new, low energy light harvesting mechanism in photomechanical polymers. The work presented in this dissertation looks to utilize triplet sensitization as a means of converting light to electrical and mechanical energy in TTA-UC solar cells and photomechanical polymers, respectively.</marc:subfield>
      </marc:datafield>
      <marc:datafield tag="504" ind1=" " ind2=" ">
         <marc:subfield code="a">Includes bibliographical references.</marc:subfield>
      </marc:datafield>
      <marc:datafield tag="650" ind1=" " ind2="0">
         <marc:subfield code="a">Chemistry</marc:subfield>
      </marc:datafield>
      <marc:datafield tag="655" ind1=" " ind2="7">
         <marc:subfield code="a">Electronic Thesis or Dissertation.</marc:subfield>
         <marc:subfield code="2">dct</marc:subfield>
      </marc:datafield>
      <marc:datafield tag="690" ind1=" " ind2="7">
         <marc:subfield code="a">FSU Dissertations.</marc:subfield>
         <marc:subfield code="2">local</marc:subfield>
         <marc:subfield code="9">LOCAL</marc:subfield>
      </marc:datafield>
      <marc:datafield tag="710" ind1="2" ind2=" ">
         <marc:subfield code="a">Florida State University.</marc:subfield>
         <marc:subfield code="e">degree granting institution.</marc:subfield>
         <marc:subfield code="0">http://id.loc.gov/authorities/names/n80126238</marc:subfield>
      </marc:datafield>
      <marc:datafield tag="856" ind1="4" ind2="0">
         <marc:subfield code="3">DigiNole</marc:subfield>
         <marc:subfield code="u">https://purl.lib.fsu.edu/diginole/2022_Beery_fsu_0071E_17035</marc:subfield>
         <marc:subfield code="y">Connect to online content:</marc:subfield>
      </marc:datafield>
      <marc:datafield tag="796" ind1="1" ind2=" ">
         <marc:subfield code="a">Hanson, Kenneth G.,</marc:subfield>
         <marc:subfield code="e">professor directing dissertation</marc:subfield>
         <marc:subfield code="9">LOCAL</marc:subfield>
      </marc:datafield>
      <marc:datafield tag="796" ind1="1" ind2=" ">
         <marc:subfield code="a">Andrei, Petru,</marc:subfield>
         <marc:subfield code="e">university representative</marc:subfield>
         <marc:subfield code="9">LOCAL</marc:subfield>
      </marc:datafield>
      <marc:datafield tag="796" ind1="1" ind2=" ">
         <marc:subfield code="a">Latturner, Susan,</marc:subfield>
         <marc:subfield code="e">committee member</marc:subfield>
         <marc:subfield code="9">LOCAL</marc:subfield>
      </marc:datafield>
      <marc:datafield tag="796" ind1="1" ind2=" ">
         <marc:subfield code="a">Kennemur, Justin Glenn,</marc:subfield>
         <marc:subfield code="e">committee member</marc:subfield>
         <marc:subfield code="9">LOCAL</marc:subfield>
      </marc:datafield>
      <marc:datafield tag="797" ind1="2" ind2=" ">
         <marc:subfield code="a">Florida State University.</marc:subfield>
         <marc:subfield code="b">Department of Chemistry and Biochemistry.</marc:subfield>
         <marc:subfield code="9">LOCAL</marc:subfield>
      </marc:datafield>
      <marc:datafield tag="904" ind1=" " ind2=" ">
         <marc:subfield code="a">0</marc:subfield>
         <marc:subfield code="9">LOCAL</marc:subfield>
      </marc:datafield>
   </marc:record>