
   <marc:record>
      <marc:leader>     nam  22      i 4500</marc:leader>
      <marc:controlfield tag="006">m     o  d        </marc:controlfield>
      <marc:controlfield tag="007">cr |||||||||||</marc:controlfield>
      <marc:controlfield tag="008">      s2022    flu     obm   000 0 eng d</marc:controlfield>
      <marc:datafield tag="040" ind1=" " ind2=" ">
         <marc:subfield code="a">FDA</marc:subfield>
         <marc:subfield code="b">eng</marc:subfield>
         <marc:subfield code="e">rda</marc:subfield>
         <marc:subfield code="c">FDA</marc:subfield>
      </marc:datafield>
      <marc:datafield tag="050" ind1=" " ind2="4">
         <marc:subfield code="a">QP</marc:subfield>
      </marc:datafield>
      <marc:datafield tag="100" ind1="1" ind2=" ">
         <marc:subfield code="a">Behl, Taylor Ann,</marc:subfield>
         <marc:subfield code="e">author</marc:subfield>
      </marc:datafield>
      <marc:datafield tag="245" ind1="1" ind2="4">
         <marc:subfield code="a">The Effects of Almond Consumption on Vascular Health, Functional Performance, and Sleep in Active Older Adults Who Are Overweight /</marc:subfield>
         <marc:subfield code="c">by Taylor Ann Behl</marc:subfield>
      </marc:datafield>
      <marc:datafield tag="264" ind1=" " ind2="1">
         <marc:subfield code="a">Tallahassee, Florida :</marc:subfield>
         <marc:subfield code="b">Florida State University,</marc:subfield>
         <marc:subfield code="c">2022</marc:subfield>
      </marc:datafield>
      <marc:datafield tag="300" ind1=" " ind2=" ">
         <marc:subfield code="a">1 online resource (171 pages)</marc:subfield>
      </marc:datafield>
      <marc:datafield tag="336" ind1=" " ind2=" ">
         <marc:subfield code="a">text</marc:subfield>
         <marc:subfield code="b">txt</marc:subfield>
         <marc:subfield code="2">rdacontent</marc:subfield>
      </marc:datafield>
      <marc:datafield tag="337" ind1=" " ind2=" ">
         <marc:subfield code="a">computer</marc:subfield>
         <marc:subfield code="b">c</marc:subfield>
         <marc:subfield code="2">rdamedia</marc:subfield>
      </marc:datafield>
      <marc:datafield tag="338" ind1=" " ind2=" ">
         <marc:subfield code="a">online resource</marc:subfield>
         <marc:subfield code="b">cr</marc:subfield>
         <marc:subfield code="2">rdacarrier</marc:subfield>
      </marc:datafield>
      <marc:datafield tag="347" ind1=" " ind2=" ">
         <marc:subfield code="a">text file</marc:subfield>
         <marc:subfield code="2">rdaft</marc:subfield>
      </marc:datafield>
      <marc:datafield tag="347" ind1=" " ind2=" ">
         <marc:subfield code="b">PDF</marc:subfield>
      </marc:datafield>
      <marc:datafield tag="538" ind1=" " ind2=" ">
         <marc:subfield code="a">System requirements: Adobe Reader or other PDF viewer.</marc:subfield>
      </marc:datafield>
      <marc:datafield tag="588" ind1=" " ind2=" ">
         <marc:subfield code="a">Description based on online resource; title from PDF title page.</marc:subfield>
      </marc:datafield>
      <marc:datafield tag="500" ind1=" " ind2=" ">
         <marc:subfield code="a">Extent pagination is PDF page count.</marc:subfield>
      </marc:datafield>
      <marc:datafield tag="500" ind1=" " ind2=" ">
         <marc:subfield code="a">Advisory committee: Lynn B. Panton, Professor Directing Dissertation; David W. Eccles, University Representative; Jeong-Su Kim, Committee Member; Robert C. Hickner, Committee Member; Claire E. Berryman, Committee Member; Bahram H. Arjmandi, Committee Member.</marc:subfield>
      </marc:datafield>
      <marc:datafield tag="500" ind1=" " ind2=" ">
         <marc:subfield code="a">A Dissertation submitted to the Department of Nutrition and Integrative Physiology in partial fulfillment of the requirements for the Doctor of Philosophy.</marc:subfield>
      </marc:datafield>
      <marc:datafield tag="500" ind1=" " ind2=" ">
         <marc:subfield code="a">Date of Defense: March 23, 2022.</marc:subfield>
      </marc:datafield>
      <marc:datafield tag="500" ind1=" " ind2=" ">
         <marc:subfield code="a">Keywords: Almonds, Cardiovascular Disease, Functional Performance, Sleep, Vascular Aging.</marc:subfield>
      </marc:datafield>
      <marc:datafield tag="502" ind1=" " ind2=" ">
         <marc:subfield code="b">Ph.D.</marc:subfield>
         <marc:subfield code="c">Florida State University</marc:subfield>
         <marc:subfield code="d">2022.</marc:subfield>
      </marc:datafield>
      <marc:datafield tag="520" ind1="3" ind2=" ">
         <marc:subfield code="a">Cardiovascular disease (CVD) is the leading cause of death, with age being the strongest predictor of cardiovascular health. Age-related changes to the vasculature such as endothelial dysfunction and arterial stiffening are believed to be two of the major phenotype changes associated with this increased CVD risk. Increased oxidative stress and inflammation are major contributors to endothelial dysfunction, arterial stiffening, and other age-related poor health outcomes such as decreased functional performance and poorer sleep quality. Almonds are rich in antioxidants and anti-inflammatory nutrients that may combat age-related health decline, but more research is needed to better understand the potential benefits. Purpose: The purpose of this study was to determine the effects of almond consumption on vascular health, physical function, and sleep in active adults who were overweight and obese. Methods: Ten (females = 5) active, older adults (57 ± 4 years) who were overweight or obese (body mass index (BMI): 27.6 ± 2.6 kg/m2) were included in this randomized, cross-over study. Participants consumed almonds (64 g/day; 384 kcal) or an isocaloric control snack (84 g/day of granola bars; 380 kcal) for 12 weeks, separated by a 4-week washout. Vascular health was assessed through flow mediated dilation (FMD) to determine endothelial function, pulse-wave velocity (PWV) and pulse wave analysis (PWA) to determine arterial stiffness, and blood draws to determine a circulating oxidative stress biomarker (total antioxidant capacity (TAC)). Functional performance was assessed by the Continuous Scale Physical Functional Performance 10 item scale (CS-PFP-10) test and a treadmill submaximal oxygen consumption (VO2) test. Sleep was determined objectively through ActiGraph accelerometry and subjectively through the Pittsburgh Sleep Quality Index (PSQI). A two-way (treatment x time) repeated measures analysis of variance (ANOVA) was used to assess the effects of intervention (almond, control) and time (baseline, post) on outcomes. Significance was accepted at p &lt; 0.05. Results: Self-reported compliance was not significantly different between treatments (93% for the almond regimen and 96% for the isocaloric control snack regimen). There were no significant differences between baseline measurements for any of the variables, indicating the washout period was sufficient. There was a significant treatment x time interaction on FMD%, F(1,9) = 13.69, p = 0.005, η2 = 0.603, with FMD% being greater after the almond regimen compared to control (almond: 9.05 ± 2.87 %; control: 6.61 ± 2.04 %, F(1,9) = 7.960, p = 0.020, η2 = 0.469), with a mean difference of 2.445%. However, there were no significant treatment x time interactions found in normalized FMD% or any other vascular health measurements, including the biomarker for oxidative stress (TAC). Additionally, there were no significant treatment x time interaction on functional performance assessments. There was a significant treatment x time interaction on sleep efficiency, F(1,7) = 8.231, p = 0.024, η2 = 0.540 with sleep efficiency being greater after the almond regimen compared to the control (almond: 92 ± 2 %; control: 88 ± 6 %, F(1,7) = 5.784, p = 0.047, η2 = 0.452), with a mean difference of 4%. There was also a significant treatment x time interaction on wake after sleep onset (WASO), F(1,7) = 7.325, p = 0.030, η2 = 0.511 with WASO being greater after the almond regimen compared to the control (almond: 37 ± 13 minutes; control: 56 ± 32 minutes F(1,7) = 4.707, p = 0.067, η2 = 0.402) with a mean difference of 19 minutes. However, there were no significant treatment x time interaction found in any other sleep measurements. Conclusion: Our findings indicate that 12 weeks of almond consumption may benefit some aspects of vascular health and sleep but may not benefit functional performance, in comparison to an isocaloric control snack. While there are endless snack options, almonds may be a good snack alternative for people who want to improve their vascular health and sleep better.</marc:subfield>
      </marc:datafield>
      <marc:datafield tag="504" ind1=" " ind2=" ">
         <marc:subfield code="a">Includes bibliographical references.</marc:subfield>
      </marc:datafield>
      <marc:datafield tag="506" ind1=" " ind2=" ">
         <marc:subfield code="a">This thesis/dissertation may be embargoed for a limited time. Click access link to check availability.</marc:subfield>
      </marc:datafield>
      <marc:datafield tag="650" ind1=" " ind2="0">
         <marc:subfield code="a">Physiology</marc:subfield>
      </marc:datafield>
      <marc:datafield tag="650" ind1=" " ind2="0">
         <marc:subfield code="a">Kinesiology</marc:subfield>
      </marc:datafield>
      <marc:datafield tag="650" ind1=" " ind2="0">
         <marc:subfield code="a">Nutrition</marc:subfield>
      </marc:datafield>
      <marc:datafield tag="655" ind1=" " ind2="7">
         <marc:subfield code="a">Electronic Thesis or Dissertation.</marc:subfield>
         <marc:subfield code="2">dct</marc:subfield>
      </marc:datafield>
      <marc:datafield tag="690" ind1=" " ind2="7">
         <marc:subfield code="a">FSU Dissertations.</marc:subfield>
         <marc:subfield code="2">local</marc:subfield>
         <marc:subfield code="9">LOCAL</marc:subfield>
      </marc:datafield>
      <marc:datafield tag="710" ind1="2" ind2=" ">
         <marc:subfield code="a">Florida State University.</marc:subfield>
         <marc:subfield code="e">degree granting institution.</marc:subfield>
         <marc:subfield code="0">http://id.loc.gov/authorities/names/n80126238</marc:subfield>
      </marc:datafield>
      <marc:datafield tag="856" ind1="4" ind2="0">
         <marc:subfield code="3">DigiNole</marc:subfield>
         <marc:subfield code="u">https://purl.lib.fsu.edu/diginole/2022_Behl_fsu_0071E_17060</marc:subfield>
         <marc:subfield code="y">Connect to online content:</marc:subfield>
      </marc:datafield>
      <marc:datafield tag="796" ind1="1" ind2=" ">
         <marc:subfield code="a">Panton, Lynn B.</marc:subfield>
         <marc:subfield code="q">(Lynn Biship)‏,</marc:subfield>
         <marc:subfield code="e">professor directing dissertation</marc:subfield>
         <marc:subfield code="9">LOCAL</marc:subfield>
      </marc:datafield>
      <marc:datafield tag="796" ind1="1" ind2=" ">
         <marc:subfield code="a">Eccles, David W.,</marc:subfield>
         <marc:subfield code="e">university representative</marc:subfield>
         <marc:subfield code="9">LOCAL</marc:subfield>
      </marc:datafield>
      <marc:datafield tag="796" ind1="1" ind2=" ">
         <marc:subfield code="a">Kim, Jeong-Su,</marc:subfield>
         <marc:subfield code="e">committee member</marc:subfield>
         <marc:subfield code="9">LOCAL</marc:subfield>
      </marc:datafield>
      <marc:datafield tag="796" ind1="1" ind2=" ">
         <marc:subfield code="a">Hickner, Robert C.,</marc:subfield>
         <marc:subfield code="d">1962-</marc:subfield>
         <marc:subfield code="e">committee member</marc:subfield>
         <marc:subfield code="9">LOCAL</marc:subfield>
      </marc:datafield>
      <marc:datafield tag="796" ind1="1" ind2=" ">
         <marc:subfield code="a">Berryman, Claire E.</marc:subfield>
         <marc:subfield code="q">(Elizabeth),</marc:subfield>
         <marc:subfield code="e">committee member</marc:subfield>
         <marc:subfield code="9">LOCAL</marc:subfield>
      </marc:datafield>
      <marc:datafield tag="796" ind1="1" ind2=" ">
         <marc:subfield code="a">Arjmandi, Bahram H.,</marc:subfield>
         <marc:subfield code="e">committee member</marc:subfield>
         <marc:subfield code="9">LOCAL</marc:subfield>
      </marc:datafield>
      <marc:datafield tag="797" ind1="2" ind2=" ">
         <marc:subfield code="a">Florida State University.</marc:subfield>
         <marc:subfield code="b">Department of Nutrition and Integrative Physiology.</marc:subfield>
         <marc:subfield code="9">LOCAL</marc:subfield>
      </marc:datafield>
      <marc:datafield tag="904" ind1=" " ind2=" ">
         <marc:subfield code="a">4</marc:subfield>
         <marc:subfield code="9">LOCAL</marc:subfield>
      </marc:datafield>
   </marc:record>