
   <marc:record>
      <marc:leader>     nam  22      i 4500</marc:leader>
      <marc:controlfield tag="006">m     o  d        </marc:controlfield>
      <marc:controlfield tag="007">cr |||||||||||</marc:controlfield>
      <marc:controlfield tag="008">      s2022    flu     obm   000 0 eng d</marc:controlfield>
      <marc:datafield tag="040" ind1=" " ind2=" ">
         <marc:subfield code="a">FDA</marc:subfield>
         <marc:subfield code="b">eng</marc:subfield>
         <marc:subfield code="e">rda</marc:subfield>
         <marc:subfield code="c">FDA</marc:subfield>
      </marc:datafield>
      <marc:datafield tag="050" ind1=" " ind2="4">
         <marc:subfield code="a">GC109</marc:subfield>
      </marc:datafield>
      <marc:datafield tag="100" ind1="1" ind2=" ">
         <marc:subfield code="a">Behnke, Megan Irene,</marc:subfield>
         <marc:subfield code="e">author</marc:subfield>
      </marc:datafield>
      <marc:datafield tag="245" ind1="1" ind2="0">
         <marc:subfield code="a">Organic Matter Sources, Transformations, and Fates in Northern High-Latitude Regions on the Forefront of Climate Change /</marc:subfield>
         <marc:subfield code="c">by Megan Irene Behnke</marc:subfield>
      </marc:datafield>
      <marc:datafield tag="264" ind1=" " ind2="1">
         <marc:subfield code="a">Tallahassee, Florida :</marc:subfield>
         <marc:subfield code="b">Florida State University,</marc:subfield>
         <marc:subfield code="c">2022</marc:subfield>
      </marc:datafield>
      <marc:datafield tag="300" ind1=" " ind2=" ">
         <marc:subfield code="a">1 online resource (280 pages)</marc:subfield>
      </marc:datafield>
      <marc:datafield tag="336" ind1=" " ind2=" ">
         <marc:subfield code="a">text</marc:subfield>
         <marc:subfield code="b">txt</marc:subfield>
         <marc:subfield code="2">rdacontent</marc:subfield>
      </marc:datafield>
      <marc:datafield tag="337" ind1=" " ind2=" ">
         <marc:subfield code="a">computer</marc:subfield>
         <marc:subfield code="b">c</marc:subfield>
         <marc:subfield code="2">rdamedia</marc:subfield>
      </marc:datafield>
      <marc:datafield tag="338" ind1=" " ind2=" ">
         <marc:subfield code="a">online resource</marc:subfield>
         <marc:subfield code="b">cr</marc:subfield>
         <marc:subfield code="2">rdacarrier</marc:subfield>
      </marc:datafield>
      <marc:datafield tag="347" ind1=" " ind2=" ">
         <marc:subfield code="a">text file</marc:subfield>
         <marc:subfield code="2">rdaft</marc:subfield>
      </marc:datafield>
      <marc:datafield tag="347" ind1=" " ind2=" ">
         <marc:subfield code="b">PDF</marc:subfield>
      </marc:datafield>
      <marc:datafield tag="538" ind1=" " ind2=" ">
         <marc:subfield code="a">System requirements: Adobe Reader or other PDF viewer.</marc:subfield>
      </marc:datafield>
      <marc:datafield tag="588" ind1=" " ind2=" ">
         <marc:subfield code="a">Description based on online resource; title from PDF title page.</marc:subfield>
      </marc:datafield>
      <marc:datafield tag="500" ind1=" " ind2=" ">
         <marc:subfield code="a">Extent pagination is PDF page count.</marc:subfield>
      </marc:datafield>
      <marc:datafield tag="500" ind1=" " ind2=" ">
         <marc:subfield code="a">Advisory committee: Robert G. M. Spencer, Professor Directing Dissertation; Alan G. Marshall, University Representative; Munir Humayun, Committee Member; Jeffrey P. Chanton, Committee Member; Aron Stubbins, Committee Member.</marc:subfield>
      </marc:datafield>
      <marc:datafield tag="500" ind1=" " ind2=" ">
         <marc:subfield code="a">A Dissertation submitted to the Department of Earth, Ocean and Atmospheric Science in partial fulfillment of the requirements for the degree of Doctor of Philosophy.</marc:subfield>
      </marc:datafield>
      <marc:datafield tag="500" ind1=" " ind2=" ">
         <marc:subfield code="a">Date of Defense: February 11, 2022.</marc:subfield>
      </marc:datafield>
      <marc:datafield tag="500" ind1=" " ind2=" ">
         <marc:subfield code="a">Keywords: Arctic, climate change, dissolved organic matter, Pacific coastal temperate rainforest, particulate organic matter, rivers.</marc:subfield>
      </marc:datafield>
      <marc:datafield tag="502" ind1=" " ind2=" ">
         <marc:subfield code="b">Ph.D.</marc:subfield>
         <marc:subfield code="c">Florida State University</marc:subfield>
         <marc:subfield code="d">2022.</marc:subfield>
      </marc:datafield>
      <marc:datafield tag="520" ind1="3" ind2=" ">
         <marc:subfield code="a">Climate change is dramatically altering the global carbon cycle. The warming caused by climate change is approximately twice the global average in Arctic and contiguous northern high-latitude regions, which are thus especially susceptible to ecosystem shifts (e.g. permafrost thaw, wetland drying/wetting cycle exacerbation). Rivers process and transport organic matter (OM) from land where warming is destabilizing previously stabilized carbon stocks to the ocean. This dissertation examines how fluvial OM in northern high latitudes responds to climate change, and how the fate of such OM may influence the global carbon cycle. Specifically, it focuses on how the source and processing of dissolved and particulate organic matter (DOM and POM) interact to dictate OM fate. To do so, Fourier-transform ion cyclotron resonance mass spectrometry, carbon isotopes (Δ14C, δ13C), and data on OM concentrations and carbon to nitrogen (C:N) ratios are used. Across the pan-Arctic (Chapters 2 and 3) and northeast Pacific coastal temperate rainforest (NPCTR; Chapters 4 and 5), sources appear to influence the fate of DOM (Chapters 2, 4, and 5) and POM (Chapter 3). Both landscape-scale factors like permafrost or agricultural extent (Chapters 2 and 3) and watershed slope and wetland extent (Chapters 3, 4, and 5), as well as specific source types like tree canopy or bark and soil layer (Chapters 4 and 5) impact OM molecular, isotopic, and elemental compositions and thus processing. Further, seasonality varies between the pan-Arctic watershed (Chapters 2 and 3) and the NPCTR (Chapters 4 and 5), leading to differential timing of the strongest terrestrial carbon source impacts on the system.In large pan-Arctic rivers, spring freshet contains DOM primarily sourced from terrestrial material but also includes a latent high-energy subsidy that explains the historical paradox of freshet DOM’s bulk terrestrial composition but apparent high biolability. Winter riverine DOM is mostly sourced from old, microbially degraded groundwater DOM. This work uncovered a stable core Arctic riverine fingerprint (CARF) present in all samples from six years. The CARF may contribute to a carbon sink of aged DOM that appears to persist in the global ocean. Further, this dissertation uses a decade of compositional data on POM to untangle multiple allochthonous and autochthonous pan-Arctic and watershed-specific POM endmembers sourced from literature (for the full list of literature values used in endmembers, see supplementary file “Table B5.csv”). The three tracers used (C:N ratio, δ13C, and Δ14C) appear to reveal a substantial, previously overlooked aquatic biomass signal in POM (~53% of the annual pan-Arctic POM flux which averages 4391 Gg/y of exported particulate organic carbon). Splitting soil endmember values into shallow and deep soil pools (mean ± standard deviation: -228 ± 211 v. -492 ± 173‰) rather than the less representative traditional active layer and permafrost categories (-300 ± 236 v. -441 ± 215‰) also improved endmember resolution. In the NPCTR, dissolved organic carbon concentrations as high as 167 mgCL-1 were found in tree DOM (which proved highly biolabile in this study; &gt;50%). Since the NPCTR is hypermaritime, tree DOM fluxes may be substantial. Condensed aromatic formulae comprised as much as 38% relative abundance of spruce and hemlock bark leachate DOM. Coniferous trees could thus be major condensed aromatic sources. Soil wetness determined DOM composition and response to microbial processing. Source-specific marker formulae were discovered in multiple soil and tree sources, and though the majority were consumed during bioincubations certain marker formulae persisted. All of these source-specific marker formulae (of which &gt;90% were from spruce stemflow) were then located downstream in the watershed demonstrating that tree DOM may escape biodegradation. Summertime in the NPCTR yields the most terrestrial DOM, which then appears to degrade during the colder, wetter, fall-spring period. Despite these seasonal trends two metrics of fresh terrestrial DOM contribution (marker formulae and modified aromaticity index) did not show any significant relationships with hydrologic or temperature variables. Antecedent conditions (rather than precipitation alone) thus seems to control molecular terrestrial connectivity. Climate change is modifying both the sources and seasons that this dissertation shows to influence DOM composition and fate in northern regions. Increasing precipitation intensity in the NPCTR may tighten land-ocean linkages, while warming, permafrost thaw, and increasing CO2 concentrations could enhance allochthonous and autochthonous POM fluxes and the contribution of old, microbially processed, stable DOM to the Arctic Ocean. This work shows that an improved understanding of current controls on OM composition and fate will be necessary to predict future changes in northern high-latitude ecosystem carbon cycling and its role in furthering global climate change.</marc:subfield>
      </marc:datafield>
      <marc:datafield tag="504" ind1=" " ind2=" ">
         <marc:subfield code="a">Includes bibliographical references.</marc:subfield>
      </marc:datafield>
      <marc:datafield tag="506" ind1=" " ind2=" ">
         <marc:subfield code="a">This thesis/dissertation may be embargoed for a limited time. Click access link to check availability.</marc:subfield>
      </marc:datafield>
      <marc:datafield tag="650" ind1=" " ind2="0">
         <marc:subfield code="a">Chemical oceanography</marc:subfield>
      </marc:datafield>
      <marc:datafield tag="655" ind1=" " ind2="7">
         <marc:subfield code="a">Electronic Thesis or Dissertation.</marc:subfield>
         <marc:subfield code="2">dct</marc:subfield>
      </marc:datafield>
      <marc:datafield tag="690" ind1=" " ind2="7">
         <marc:subfield code="a">FSU Dissertations.</marc:subfield>
         <marc:subfield code="2">local</marc:subfield>
         <marc:subfield code="9">LOCAL</marc:subfield>
      </marc:datafield>
      <marc:datafield tag="710" ind1="2" ind2=" ">
         <marc:subfield code="a">Florida State University.</marc:subfield>
         <marc:subfield code="e">degree granting institution.</marc:subfield>
         <marc:subfield code="0">http://id.loc.gov/authorities/names/n80126238</marc:subfield>
      </marc:datafield>
      <marc:datafield tag="856" ind1="4" ind2="0">
         <marc:subfield code="3">DigiNole</marc:subfield>
         <marc:subfield code="u">https://purl.lib.fsu.edu/diginole/2022_Behnke_fsu_0071E_16943</marc:subfield>
         <marc:subfield code="y">Connect to online content:</marc:subfield>
      </marc:datafield>
      <marc:datafield tag="796" ind1="1" ind2=" ">
         <marc:subfield code="a">Spencer, Robert G. M.,</marc:subfield>
         <marc:subfield code="e">professor directing dissertation</marc:subfield>
         <marc:subfield code="9">LOCAL</marc:subfield>
      </marc:datafield>
      <marc:datafield tag="796" ind1="1" ind2=" ">
         <marc:subfield code="a">Marshall, Alan G.</marc:subfield>
         <marc:subfield code="q">(Alan George),</marc:subfield>
         <marc:subfield code="d">1944-</marc:subfield>
         <marc:subfield code="e">university representative</marc:subfield>
         <marc:subfield code="9">LOCAL</marc:subfield>
      </marc:datafield>
      <marc:datafield tag="796" ind1="1" ind2=" ">
         <marc:subfield code="a">Humayun, Munir,</marc:subfield>
         <marc:subfield code="e">committee member</marc:subfield>
         <marc:subfield code="9">LOCAL</marc:subfield>
      </marc:datafield>
      <marc:datafield tag="796" ind1="1" ind2=" ">
         <marc:subfield code="a">Chanton, Jeffrey P.,</marc:subfield>
         <marc:subfield code="e">committee member</marc:subfield>
         <marc:subfield code="9">LOCAL</marc:subfield>
      </marc:datafield>
      <marc:datafield tag="796" ind1="1" ind2=" ">
         <marc:subfield code="a">Stubbins, Aron,</marc:subfield>
         <marc:subfield code="e">committee member</marc:subfield>
         <marc:subfield code="9">LOCAL</marc:subfield>
      </marc:datafield>
      <marc:datafield tag="797" ind1="2" ind2=" ">
         <marc:subfield code="a">Florida State University.</marc:subfield>
         <marc:subfield code="b">Department of Earth, Ocean and Atmospheric Science.</marc:subfield>
         <marc:subfield code="9">LOCAL</marc:subfield>
      </marc:datafield>
      <marc:datafield tag="904" ind1=" " ind2=" ">
         <marc:subfield code="a">4</marc:subfield>
         <marc:subfield code="9">LOCAL</marc:subfield>
      </marc:datafield>
   </marc:record>