
   <marc:record>
      <marc:leader>     nam  22      i 4500</marc:leader>
      <marc:controlfield tag="006">m     o  d        </marc:controlfield>
      <marc:controlfield tag="007">cr |||||||||||</marc:controlfield>
      <marc:controlfield tag="008">      s2022    flu     obm   000 0 eng d</marc:controlfield>
      <marc:datafield tag="040" ind1=" " ind2=" ">
         <marc:subfield code="a">FDA</marc:subfield>
         <marc:subfield code="b">eng</marc:subfield>
         <marc:subfield code="e">rda</marc:subfield>
         <marc:subfield code="c">FDA</marc:subfield>
      </marc:datafield>
      <marc:datafield tag="050" ind1=" " ind2="4">
         <marc:subfield code="a">QD31.3</marc:subfield>
      </marc:datafield>
      <marc:datafield tag="100" ind1="1" ind2=" ">
         <marc:subfield code="a">Chaaban, Maya,</marc:subfield>
         <marc:subfield code="e">author</marc:subfield>
      </marc:datafield>
      <marc:datafield tag="245" ind1="1" ind2="0">
         <marc:subfield code="a">Effects of Molecular Interactions on the Photophysical Properties of Luminescent Materials /</marc:subfield>
         <marc:subfield code="c">by Maya Chaaban</marc:subfield>
      </marc:datafield>
      <marc:datafield tag="264" ind1=" " ind2="1">
         <marc:subfield code="a">Tallahassee, Florida :</marc:subfield>
         <marc:subfield code="b">Florida State University,</marc:subfield>
         <marc:subfield code="c">2022</marc:subfield>
      </marc:datafield>
      <marc:datafield tag="300" ind1=" " ind2=" ">
         <marc:subfield code="a">1 online resource (137 pages)</marc:subfield>
      </marc:datafield>
      <marc:datafield tag="336" ind1=" " ind2=" ">
         <marc:subfield code="a">text</marc:subfield>
         <marc:subfield code="b">txt</marc:subfield>
         <marc:subfield code="2">rdacontent</marc:subfield>
      </marc:datafield>
      <marc:datafield tag="337" ind1=" " ind2=" ">
         <marc:subfield code="a">computer</marc:subfield>
         <marc:subfield code="b">c</marc:subfield>
         <marc:subfield code="2">rdamedia</marc:subfield>
      </marc:datafield>
      <marc:datafield tag="338" ind1=" " ind2=" ">
         <marc:subfield code="a">online resource</marc:subfield>
         <marc:subfield code="b">cr</marc:subfield>
         <marc:subfield code="2">rdacarrier</marc:subfield>
      </marc:datafield>
      <marc:datafield tag="347" ind1=" " ind2=" ">
         <marc:subfield code="a">text file</marc:subfield>
         <marc:subfield code="2">rdaft</marc:subfield>
      </marc:datafield>
      <marc:datafield tag="347" ind1=" " ind2=" ">
         <marc:subfield code="b">PDF</marc:subfield>
      </marc:datafield>
      <marc:datafield tag="538" ind1=" " ind2=" ">
         <marc:subfield code="a">System requirements: Adobe Reader or other PDF viewer.</marc:subfield>
      </marc:datafield>
      <marc:datafield tag="588" ind1=" " ind2=" ">
         <marc:subfield code="a">Description based on online resource; title from PDF title page.</marc:subfield>
      </marc:datafield>
      <marc:datafield tag="500" ind1=" " ind2=" ">
         <marc:subfield code="a">Extent pagination is PDF page count.</marc:subfield>
      </marc:datafield>
      <marc:datafield tag="500" ind1=" " ind2=" ">
         <marc:subfield code="a">Advisory committee: Biwu Ma, Professor Directing Dissertation; Peng Xiong, University Representative; Wei Yang, Committee Member; Kenneth Hanson, Committee Member; Michael Shatruk, Committee Member.</marc:subfield>
      </marc:datafield>
      <marc:datafield tag="500" ind1=" " ind2=" ">
         <marc:subfield code="a">A Dissertation submitted to the Department of Chemistry and Biochemistry in partial fulfillment of the requirements for the degree of Doctor of Philosophy.</marc:subfield>
      </marc:datafield>
      <marc:datafield tag="500" ind1=" " ind2=" ">
         <marc:subfield code="a">Date of Defense: April 04, 2022.</marc:subfield>
      </marc:datafield>
      <marc:datafield tag="502" ind1=" " ind2=" ">
         <marc:subfield code="b">Ph.D.</marc:subfield>
         <marc:subfield code="c">Florida State University</marc:subfield>
         <marc:subfield code="d">2022.</marc:subfield>
      </marc:datafield>
      <marc:datafield tag="520" ind1="3" ind2=" ">
         <marc:subfield code="a">Molecular luminescent materials have been widely studied and used in different applications, including optoelectronics, sensors, and bioimaging. The photophysical properties of these materials are controlled by several factors, such as their aggregation behaviors, molecular electronic structures, and modes of assembly. Molecular interactions, either intra- or intermolecular, play a significant role in regulating these factors. Therefore, understanding these interactions, which are unique to each material system, improves our ability to rationally design molecular luminescent materials with desired electronic and optical properties. In this dissertation, we explore the effects of molecular interactions on the photophysical properties, such as emission colors and photoluminescence quantum efficiencies (PLQEs), for two different classes of materials: cyclometalated Pt(II) complexes and organic metal halide hybrids. Cyclometalated Pt(II) complexes adopt a square-planar geometry that favors their assembly through Pt-Pt interactions. These complexes are known to display very distinguished photophysical properties depending on the level of interactions between the Pt centers. They can either exhibit emissions from the high energy ligand centered/metal-to-ligand charge transfer (LC/MLCT) state or the lower energy metal-to-metal-ligand charge transfer (MMLCT) state. In binuclear Pt(II) complexes, the Pt centers are bridged by an appropriate bridging ligand (e.g., pyrazole) which dictates their molecular geometries. Chapter 2 and 3 of this dissertation discuss binuclear Pt(II) complexes with H-frame and A-frame geometries, respectively. In Chapter 2, the synthesis and characterization of a series of binuclear 2,4-difluorophenylpyridine Pt(II) complexes bridged by thiazol-2-thiolate ligands with different bulkiness are reported. The three complexes adopt H-frame geometries or half-lantern structures with short Pt-Pt distances ranging from 2.916 to 2.945 Å, favoring their intramolecular Pt-Pt interactions. All these complexes are found to exhibit strong and stable 3MMLCT emissions in the orange/red region, with PLQEs reaching near-unity. Chapter 3 covers another series of binuclear Pt(II) complexes that have no intramolecular Pt-Pt interactions due to their A-frame geometries and long Pt-Pt distances. These complexes are bridged by pyrazole and have different cyclometallating ligands (N,N-dimethyl-3-(pyridin-2-yl)aniline and 2-(naphthalen-1-yl)pyridine). The complex with N,N-dimethyl-3-(pyridin-2-yl)aniline as its cyclometallating ligand exhibit a positive solvatochromic behavior introduced by the electron-donating dimethylamino group. This behavior is studied in several solvents with different polarities and evaluated using the Lippert-Mataga correlation and the empirical solvent polarity parameter ET(30). The positive solvatochromism recorded for this complex is assigned to the intramolecular charge transfer character of its emission. In addition to binuclear Pt(II) complexes, mononuclear cationic Pt(II) complexes are studied in Chapter 4. Intermolecular Pt-Pt interactions can exist between these complexes, which are regulated in a series of four mononuclear cationic Pt(II) complexes by modifying their counter-anions and molecular structures. These complexes exhibit strong 3MMLCT emissions in solid state with colors ranging from green to deep red. The structural and photophysical characterizations of these complexes reveal a clear correlation between their stacking modes and photophysical properties. The second class of materials studied in this dissertation is the ionically bonded organic metal halide hybrids. The remarkable structure diversity of this class of materials, originating from the infinite combinations of organic cations and metal halides, unlocks many new properties of both components. In Chapter 5, the synthesis and characterization of a series of benzoquinolinium (BZQ+) metal halides with a unique two-dimensional (2D) structure are reported. The structures are composed of layers of face-sharing metal halides (Pb2X5-, X= Cl, Br) separated and balanced by cationic BZQ+ arrays. The BZQ+ cations are found to be responsible for the emission of these hybrid materials, as revealed by their optical characterizations and theoretical calculations. The inorganic layers in the 2D structure scaffold the organic cations and provide a more rigid architecture due to stronger molecular interactions, enhancing the PLQEs and stability of the BZQ+ cations in the 2D metal halide hybrids compared to the pristine BZQ halides. In addition to the scaffolding effect, the composition of metal halide also affects the photophysical properties of BZQ+ cations. Replacing Cl by the heavy atom Br results in room temperature phosphorescence (RTP) from cationic BZQ+ due to heavy atom effects.</marc:subfield>
      </marc:datafield>
      <marc:datafield tag="504" ind1=" " ind2=" ">
         <marc:subfield code="a">Includes bibliographical references.</marc:subfield>
      </marc:datafield>
      <marc:datafield tag="506" ind1=" " ind2=" ">
         <marc:subfield code="a">This thesis/dissertation may be embargoed for a limited time. Click access link to check availability.</marc:subfield>
      </marc:datafield>
      <marc:datafield tag="650" ind1=" " ind2="0">
         <marc:subfield code="a">Chemistry</marc:subfield>
      </marc:datafield>
      <marc:datafield tag="655" ind1=" " ind2="7">
         <marc:subfield code="a">Electronic Thesis or Dissertation.</marc:subfield>
         <marc:subfield code="2">dct</marc:subfield>
      </marc:datafield>
      <marc:datafield tag="690" ind1=" " ind2="7">
         <marc:subfield code="a">FSU Dissertations.</marc:subfield>
         <marc:subfield code="2">local</marc:subfield>
         <marc:subfield code="9">LOCAL</marc:subfield>
      </marc:datafield>
      <marc:datafield tag="710" ind1="2" ind2=" ">
         <marc:subfield code="a">Florida State University.</marc:subfield>
         <marc:subfield code="e">degree granting institution.</marc:subfield>
         <marc:subfield code="0">http://id.loc.gov/authorities/names/n80126238</marc:subfield>
      </marc:datafield>
      <marc:datafield tag="856" ind1="4" ind2="0">
         <marc:subfield code="3">DigiNole</marc:subfield>
         <marc:subfield code="u">https://purl.lib.fsu.edu/diginole/2022_Chaaban_fsu_0071E_17017</marc:subfield>
         <marc:subfield code="y">Connect to online content:</marc:subfield>
      </marc:datafield>
      <marc:datafield tag="796" ind1="1" ind2=" ">
         <marc:subfield code="a">Ma, Biwu,</marc:subfield>
         <marc:subfield code="d">1980-</marc:subfield>
         <marc:subfield code="e">professor directing dissertation</marc:subfield>
         <marc:subfield code="9">LOCAL</marc:subfield>
      </marc:datafield>
      <marc:datafield tag="796" ind1="1" ind2=" ">
         <marc:subfield code="a">Xiong, Peng,</marc:subfield>
         <marc:subfield code="e">university representative</marc:subfield>
         <marc:subfield code="9">LOCAL</marc:subfield>
      </marc:datafield>
      <marc:datafield tag="796" ind1="1" ind2=" ">
         <marc:subfield code="a">Yang, Wei,</marc:subfield>
         <marc:subfield code="e">committee member</marc:subfield>
         <marc:subfield code="9">LOCAL</marc:subfield>
      </marc:datafield>
      <marc:datafield tag="796" ind1="1" ind2=" ">
         <marc:subfield code="a">Hanson, Kenneth G.,</marc:subfield>
         <marc:subfield code="e">committee member</marc:subfield>
         <marc:subfield code="9">LOCAL</marc:subfield>
      </marc:datafield>
      <marc:datafield tag="796" ind1="1" ind2=" ">
         <marc:subfield code="a">Shatruk, Mykhailo,</marc:subfield>
         <marc:subfield code="e">committee member</marc:subfield>
         <marc:subfield code="9">LOCAL</marc:subfield>
      </marc:datafield>
      <marc:datafield tag="797" ind1="2" ind2=" ">
         <marc:subfield code="a">Florida State University.</marc:subfield>
         <marc:subfield code="b">Department of Chemistry and Biochemistry.</marc:subfield>
         <marc:subfield code="9">LOCAL</marc:subfield>
      </marc:datafield>
      <marc:datafield tag="904" ind1=" " ind2=" ">
         <marc:subfield code="a">4</marc:subfield>
         <marc:subfield code="9">LOCAL</marc:subfield>
      </marc:datafield>
   </marc:record>