
   <marc:record>
      <marc:leader>     nam  22      i 4500</marc:leader>
      <marc:controlfield tag="006">m     o  d        </marc:controlfield>
      <marc:controlfield tag="007">cr |||||||||||</marc:controlfield>
      <marc:controlfield tag="008">      s2022    flu     obm   000 0 eng d</marc:controlfield>
      <marc:datafield tag="040" ind1=" " ind2=" ">
         <marc:subfield code="a">FDA</marc:subfield>
         <marc:subfield code="b">eng</marc:subfield>
         <marc:subfield code="e">rda</marc:subfield>
         <marc:subfield code="c">FDA</marc:subfield>
      </marc:datafield>
      <marc:datafield tag="050" ind1=" " ind2="4">
         <marc:subfield code="a">QD31.3</marc:subfield>
      </marc:datafield>
      <marc:datafield tag="100" ind1="1" ind2=" ">
         <marc:subfield code="a">Chen, Yuhui,</marc:subfield>
         <marc:subfield code="e">author</marc:subfield>
      </marc:datafield>
      <marc:datafield tag="245" ind1="1" ind2="0">
         <marc:subfield code="a">Compositions and Viscoelastic Properties in Solid Polyelectrolyte Complexes /</marc:subfield>
         <marc:subfield code="c">by Yuhui Chen</marc:subfield>
      </marc:datafield>
      <marc:datafield tag="264" ind1=" " ind2="1">
         <marc:subfield code="a">Tallahassee, Florida :</marc:subfield>
         <marc:subfield code="b">Florida State University,</marc:subfield>
         <marc:subfield code="c">2022</marc:subfield>
      </marc:datafield>
      <marc:datafield tag="300" ind1=" " ind2=" ">
         <marc:subfield code="a">1 online resource (146 pages)</marc:subfield>
      </marc:datafield>
      <marc:datafield tag="336" ind1=" " ind2=" ">
         <marc:subfield code="a">text</marc:subfield>
         <marc:subfield code="b">txt</marc:subfield>
         <marc:subfield code="2">rdacontent</marc:subfield>
      </marc:datafield>
      <marc:datafield tag="337" ind1=" " ind2=" ">
         <marc:subfield code="a">computer</marc:subfield>
         <marc:subfield code="b">c</marc:subfield>
         <marc:subfield code="2">rdamedia</marc:subfield>
      </marc:datafield>
      <marc:datafield tag="338" ind1=" " ind2=" ">
         <marc:subfield code="a">online resource</marc:subfield>
         <marc:subfield code="b">cr</marc:subfield>
         <marc:subfield code="2">rdacarrier</marc:subfield>
      </marc:datafield>
      <marc:datafield tag="347" ind1=" " ind2=" ">
         <marc:subfield code="a">text file</marc:subfield>
         <marc:subfield code="2">rdaft</marc:subfield>
      </marc:datafield>
      <marc:datafield tag="347" ind1=" " ind2=" ">
         <marc:subfield code="b">PDF</marc:subfield>
      </marc:datafield>
      <marc:datafield tag="538" ind1=" " ind2=" ">
         <marc:subfield code="a">System requirements: Adobe Reader or other PDF viewer.</marc:subfield>
      </marc:datafield>
      <marc:datafield tag="588" ind1=" " ind2=" ">
         <marc:subfield code="a">Description based on online resource; title from PDF title page.</marc:subfield>
      </marc:datafield>
      <marc:datafield tag="500" ind1=" " ind2=" ">
         <marc:subfield code="a">Extent pagination is PDF page count.</marc:subfield>
      </marc:datafield>
      <marc:datafield tag="500" ind1=" " ind2=" ">
         <marc:subfield code="a">Advisory committee: Joseph B. Schlenoff, Professor Directing Dissertation; Zhiyong Liang, University Representative; Albert E. Stiegman, Committee Member; Justin G. Kennemur, Committee Member.</marc:subfield>
      </marc:datafield>
      <marc:datafield tag="500" ind1=" " ind2=" ">
         <marc:subfield code="a">A Dissertation submitted to the Department of Chemistry and Biochemistry in partial fulfillment of the requirements for the degree of Doctor of Philosophy.</marc:subfield>
      </marc:datafield>
      <marc:datafield tag="500" ind1=" " ind2=" ">
         <marc:subfield code="a">Date of Defense: March 8, 2022.</marc:subfield>
      </marc:datafield>
      <marc:datafield tag="500" ind1=" " ind2=" ">
         <marc:subfield code="a">Keywords: glass transition, polyelectrolyte, polyelectrolyte complex.</marc:subfield>
      </marc:datafield>
      <marc:datafield tag="502" ind1=" " ind2=" ">
         <marc:subfield code="b">Ph.D.</marc:subfield>
         <marc:subfield code="c">Florida State University</marc:subfield>
         <marc:subfield code="d">2022.</marc:subfield>
      </marc:datafield>
      <marc:datafield tag="520" ind1="3" ind2=" ">
         <marc:subfield code="a">Polyelectrolytes are polymers bearing charged repeat units. Based on the charge, a polyelectrolyte can be categorized as either a polycation or a polyanion. When dissolved in water, the charges on a polyelectrolyte are balanced by small counterions. Mixing certain polycations and polyanions in an aqueous solution will result in solid precipitants due to polymer-polymer interactions and the entropy gain of releasing the small counterions. This type of material is called polyelectrolyte complexes, PECs. PECs have a wide range of applications including drug delivery systems, film coatings, and membranes. Because of their charged nature, PECs can bind with enzymes and DNA or many bio-medical applications. To further explore the applications of PECs, it is important to understand the dynamics and viscoelastic properties of this special type of polymer. Many factors such as water, temperature, and composition heavily influence the behaviors of PECs, and therefore were studied in this work.The first part of the dissertation focuses on water and the viscoelastic properties of various PECs. Thirteen different polyelectrolytes were used to produce those PECs, and radiolabeling and NMR techniques were used to determine the polycation: polyanion stoichiometry in the materials. Rheological studies were performed on those PECs to determine their glass transition temperatures, Tg. The PECs exhibit a wide range of Tgs within the working range of aqueous solutions between 0 and 100 °C. To study the correlation between Tg and water, a radiochemical method was developed to measure the pore volume within the PECs, which was used to differentiate between PEC water and pore water. Contrary to what was generally believed, the Tg correlated poorly with the water volume fraction in PECs. There was a weak correlation in a series of PECs in which one of the polyelectrolytes was held constant. On the other hand, time-temperature superposition of linear viscoelastic responses provided a classical estimate of the fractional free volume of PECs, which correlated well with Tg. The second part investigated the correlation between the stoichiometry and viscoelastic properties of a certain PEC, poly(diallydimethylammonium) (PDADMA)/poly(4-styrenesulfonic acid) (PSS). Various nonstoichiometric PECs with excess in either PDADMA or PSS were produced by a “quenching” method. A xvi maximum of 36% molar excess of PDADMA or 40% molar excess of PSS was achieved. Those nonstoichiometric PECs exhibited lower Tgs compared to stoichiometric ones, and an excess of PDADMA had a bigger effect on lowering the Tg. It was shown that the decrease in Tg was caused by the increase in water content. Due to the excess polyelectrolytes and counterions, more water was introduced to the nonstoichiometric PECs and therefore lowered the Tg via the plasticizing effect. In addition, time–temperature superposition revealed a correlation between segmental relaxation times and stoichiometry. Nonstoichiometric PECs were shown to have elevated fractional free volumes and decreased polymer volume fractions, which are responsible for changes in their mechanical properties. The third part focuses on the formation and properties of PEC blends. Four PECs with distinct Tgs were used to produce two PEC blends with varying compositions. Each blend is comprised of one polycation and two polyanions, and the molar ratio of the two polyanions was adjusted to create blends with the same components but different molar compositions. Rheological experiments were carried out to determine the Tgs of the blends. It was shown that one of the blends exhibited Tgs in between the two individual PECs, and the Tgs can be modeled using the Kwei Equation. The other blend showed two different Tgs that were similar to the individual PECs’ Tgs, indicating the blend was immiscible. The immiscibility was explained by the difference in critical salt concentration between the two individual PECs.</marc:subfield>
      </marc:datafield>
      <marc:datafield tag="504" ind1=" " ind2=" ">
         <marc:subfield code="a">Includes bibliographical references.</marc:subfield>
      </marc:datafield>
      <marc:datafield tag="650" ind1=" " ind2="0">
         <marc:subfield code="a">Chemistry</marc:subfield>
      </marc:datafield>
      <marc:datafield tag="655" ind1=" " ind2="7">
         <marc:subfield code="a">Electronic Thesis or Dissertation.</marc:subfield>
         <marc:subfield code="2">dct</marc:subfield>
      </marc:datafield>
      <marc:datafield tag="690" ind1=" " ind2="7">
         <marc:subfield code="a">FSU Dissertations.</marc:subfield>
         <marc:subfield code="2">local</marc:subfield>
         <marc:subfield code="9">LOCAL</marc:subfield>
      </marc:datafield>
      <marc:datafield tag="710" ind1="2" ind2=" ">
         <marc:subfield code="a">Florida State University.</marc:subfield>
         <marc:subfield code="e">degree granting institution.</marc:subfield>
         <marc:subfield code="0">http://id.loc.gov/authorities/names/n80126238</marc:subfield>
      </marc:datafield>
      <marc:datafield tag="856" ind1="4" ind2="0">
         <marc:subfield code="3">DigiNole</marc:subfield>
         <marc:subfield code="u">https://purl.lib.fsu.edu/diginole/2022_Chen_fsu_0071E_17050</marc:subfield>
         <marc:subfield code="y">Connect to online content:</marc:subfield>
      </marc:datafield>
      <marc:datafield tag="796" ind1="1" ind2=" ">
         <marc:subfield code="a">Schlenoff, Joseph B.,</marc:subfield>
         <marc:subfield code="e">professor directing dissertation</marc:subfield>
         <marc:subfield code="9">LOCAL</marc:subfield>
      </marc:datafield>
      <marc:datafield tag="796" ind1="1" ind2=" ">
         <marc:subfield code="a">Liang, Zhiyong</marc:subfield>
         <marc:subfield code="q">(Richard),</marc:subfield>
         <marc:subfield code="e">university representative</marc:subfield>
         <marc:subfield code="9">LOCAL</marc:subfield>
      </marc:datafield>
      <marc:datafield tag="796" ind1="1" ind2=" ">
         <marc:subfield code="a">Stiegman, Albert E.,</marc:subfield>
         <marc:subfield code="d">1953-</marc:subfield>
         <marc:subfield code="e">committee member</marc:subfield>
         <marc:subfield code="9">LOCAL</marc:subfield>
      </marc:datafield>
      <marc:datafield tag="796" ind1="1" ind2=" ">
         <marc:subfield code="a">Kennemur, Justin Glenn,</marc:subfield>
         <marc:subfield code="e">committee member</marc:subfield>
         <marc:subfield code="9">LOCAL</marc:subfield>
      </marc:datafield>
      <marc:datafield tag="797" ind1="2" ind2=" ">
         <marc:subfield code="a">Florida State University.</marc:subfield>
         <marc:subfield code="b">Department of Chemistry and Biochemistry.</marc:subfield>
         <marc:subfield code="9">LOCAL</marc:subfield>
      </marc:datafield>
      <marc:datafield tag="904" ind1=" " ind2=" ">
         <marc:subfield code="a">0</marc:subfield>
         <marc:subfield code="9">LOCAL</marc:subfield>
      </marc:datafield>
   </marc:record>