
   <marc:record>
      <marc:leader>     nam  22      i 4500</marc:leader>
      <marc:controlfield tag="006">m     o  d        </marc:controlfield>
      <marc:controlfield tag="007">cr |||||||||||</marc:controlfield>
      <marc:controlfield tag="008">      s2022    flu     obm   000 0 eng d</marc:controlfield>
      <marc:datafield tag="040" ind1=" " ind2=" ">
         <marc:subfield code="a">FDA</marc:subfield>
         <marc:subfield code="b">eng</marc:subfield>
         <marc:subfield code="e">rda</marc:subfield>
         <marc:subfield code="c">FDA</marc:subfield>
      </marc:datafield>
      <marc:datafield tag="050" ind1=" " ind2="4">
         <marc:subfield code="a">QC278</marc:subfield>
      </marc:datafield>
      <marc:datafield tag="100" ind1="1" ind2=" ">
         <marc:subfield code="a">Clark, Judith K.</marc:subfield>
         <marc:subfield code="q">(Judith Kathryn),</marc:subfield>
         <marc:subfield code="e">author</marc:subfield>
      </marc:datafield>
      <marc:datafield tag="245" ind1="1" ind2="4">
         <marc:subfield code="a">The Chemical and Physical Dynamics of Magnetic Interactions /</marc:subfield>
         <marc:subfield code="c">by Judith K. Clark</marc:subfield>
      </marc:datafield>
      <marc:datafield tag="264" ind1=" " ind2="1">
         <marc:subfield code="a">Tallahassee, Florida :</marc:subfield>
         <marc:subfield code="b">Florida State University,</marc:subfield>
         <marc:subfield code="c">2022</marc:subfield>
      </marc:datafield>
      <marc:datafield tag="300" ind1=" " ind2=" ">
         <marc:subfield code="a">1 online resource (148 pages)</marc:subfield>
      </marc:datafield>
      <marc:datafield tag="336" ind1=" " ind2=" ">
         <marc:subfield code="a">text</marc:subfield>
         <marc:subfield code="b">txt</marc:subfield>
         <marc:subfield code="2">rdacontent</marc:subfield>
      </marc:datafield>
      <marc:datafield tag="337" ind1=" " ind2=" ">
         <marc:subfield code="a">computer</marc:subfield>
         <marc:subfield code="b">c</marc:subfield>
         <marc:subfield code="2">rdamedia</marc:subfield>
      </marc:datafield>
      <marc:datafield tag="338" ind1=" " ind2=" ">
         <marc:subfield code="a">online resource</marc:subfield>
         <marc:subfield code="b">cr</marc:subfield>
         <marc:subfield code="2">rdacarrier</marc:subfield>
      </marc:datafield>
      <marc:datafield tag="347" ind1=" " ind2=" ">
         <marc:subfield code="a">text file</marc:subfield>
         <marc:subfield code="2">rdaft</marc:subfield>
      </marc:datafield>
      <marc:datafield tag="347" ind1=" " ind2=" ">
         <marc:subfield code="b">PDF</marc:subfield>
      </marc:datafield>
      <marc:datafield tag="538" ind1=" " ind2=" ">
         <marc:subfield code="a">System requirements: Adobe Reader or other PDF viewer.</marc:subfield>
      </marc:datafield>
      <marc:datafield tag="588" ind1=" " ind2=" ">
         <marc:subfield code="a">Description based on online resource; title from PDF title page.</marc:subfield>
      </marc:datafield>
      <marc:datafield tag="500" ind1=" " ind2=" ">
         <marc:subfield code="a">Extent pagination is PDF page count.</marc:subfield>
      </marc:datafield>
      <marc:datafield tag="500" ind1=" " ind2=" ">
         <marc:subfield code="a">Advisory committee: Michael Shatruk, Professor Co-Directing Dissertation; Vasile O. Garlea, Professor Co-Directing Dissertation; Vladimir Dobrosavljevic, University Representative; Susan Latturner, Committee Member; Yan-Yan Hu, Committee Member.</marc:subfield>
      </marc:datafield>
      <marc:datafield tag="500" ind1=" " ind2=" ">
         <marc:subfield code="a">A Dissertation submitted to the Department of Chemistry and Biochemistry in partial fulfillment of the requirements for the degree of Doctor of Philosophy.</marc:subfield>
      </marc:datafield>
      <marc:datafield tag="500" ind1=" " ind2=" ">
         <marc:subfield code="a">Date of Defense: March 25, 2022.</marc:subfield>
      </marc:datafield>
      <marc:datafield tag="500" ind1=" " ind2=" ">
         <marc:subfield code="a">Keywords: competing interactions, magnetism, neutron scattering.</marc:subfield>
      </marc:datafield>
      <marc:datafield tag="502" ind1=" " ind2=" ">
         <marc:subfield code="b">Ph.D.</marc:subfield>
         <marc:subfield code="c">Florida State University</marc:subfield>
         <marc:subfield code="d">2022.</marc:subfield>
      </marc:datafield>
      <marc:datafield tag="520" ind1="3" ind2=" ">
         <marc:subfield code="a">The central focus of this thesis is a study of materials with competing magnetic interactions and understanding how these interactions affect the overall magnetic behavior of solids. Understanding the fundamental factors that can be used to tune the magnetic exchange interactions provides the legwork to a “materials by design” approach that may be used to target desired magnetic properties for applications related to electronics and spintronics. Specifically, this thesis will focus on the fundamental understanding of how magnetic materials behave when one or more of the following factors is considered: chemical substitution, pressure, applied magnetic field, and temperature.Chapter 1 covers the fundamentals of magnetism and examples of magnetic behaviors that demonstrate the principles that are important to this thesis. Chapter 2 covers the experimental and theoretical methods used in this work. In Chapter 3, the behavior of solid solutions La1-xCexCo2P2, with a particular focus on the representative with x = 0.3, is analyzed. The careful analysis of La0.4Ce0.6Co2P2 is particularly important to this series, as at this composition the magnetic phase boundary between ferromagnetic (FM) and antiferromagnetic (AFM) behavior occurs. The loss of magnetic ordering in this compound due to a temperature driven lattice collapse and the magnetic behavior under pressure are discussed. Additionally, a specific focus on the magnetic behavior of cerium is incorporated for a deeper understanding of the role intermediate valence of Ce plays in the magnetic properties of this series. In Chapter 4, the AFM compound MnBi2Se4 is investigated by neutron scattering and magnetic measurements. The crystal structure reveals AFM chains of Mn atoms. A relative half-translation shift of the neighbor chains results in spin frustration caused by interchain magnetic exchange. Ultimately, these spin-frustrating interactions lead to helimagnetic ordering along the chain propagation direction. To further understand the nature of magnetic exchange in MnBi2Se4, Chapters 5 and 6 focus on the simple binary monocalcogenides, MnS and MnSe. Inelastic neutron scattering (INS) is used to measure the specific magnetic exchange constants in these materials. In MnS, the INS measurements combined with theoretical investigation lead to the revelation that both superexchange and direct exchange play a significant role in the overall AFM ordering. The behavior of MnSe is inherently more complex due to the structural phase transition from cubic (NaCl) to hexagonal (NiAs) phase upon cooling. The transition is incomplete due to its very slow kinetics, which have allowed, for the first time in this system, for experimental observation of the intermediate third phase involved in this transformation. The intermediate phase was investigated by temperature-dependent X-ray diffraction and pair distribution function (PDF) measurements, and supported by INS studies. In continuation of the theme of competing magnetic interactions, Chapter 7 focuses on the magnetic behavior of systems with geometric triangular arrangements of magnetic moments of 4f ions (Ln). The lack of magnetic ordering is observed for a majority of the LnZn3P3 and YbZn2Pn2 (Pn = P, As, Sb) systems down to 1.8 K. The question arises, could the lack of magnetic ordering be caused by the frustration induced by the crystal lattice? Further studies are needed to confirm whether the lack of magnetic ordering, indeed, is caused by spin frustration. X-ray absorption near-edge structure (XANES) spectroscopy is utilized to address the oxidation state of Yb in YbZn2Pn2. Finally, Chapter 8 is dedicated to another potentially interesting system for which the magnetic behavior has not been thoroughly investigated. Er5S7 is unusual as a non-valence-precise structure. The crystal growth and magnetic behavior of Er5S7 are reported, revealing AFM ordering at low temperature. The challenges associated with determining the exact crystal and magnetic structures of this materials are discussed. Throughout this thesis, the relationship between the underlying crystal structure and competing magnetic interactions will be identified and discussed for each unique system. The broad scope of systems considered in this thesis has allowed identification of potentially interesting future research directions, which are outlined in the concluding Chapter 9.</marc:subfield>
      </marc:datafield>
      <marc:datafield tag="504" ind1=" " ind2=" ">
         <marc:subfield code="a">Includes bibliographical references.</marc:subfield>
      </marc:datafield>
      <marc:datafield tag="506" ind1=" " ind2=" ">
         <marc:subfield code="a">This thesis/dissertation may be embargoed for a limited time. Click access link to check availability.</marc:subfield>
      </marc:datafield>
      <marc:datafield tag="650" ind1=" " ind2="0">
         <marc:subfield code="a">Low temperatures</marc:subfield>
      </marc:datafield>
      <marc:datafield tag="650" ind1=" " ind2="0">
         <marc:subfield code="a">Chemistry</marc:subfield>
      </marc:datafield>
      <marc:datafield tag="650" ind1=" " ind2="0">
         <marc:subfield code="a">Condensed matter</marc:subfield>
      </marc:datafield>
      <marc:datafield tag="655" ind1=" " ind2="7">
         <marc:subfield code="a">Electronic Thesis or Dissertation.</marc:subfield>
         <marc:subfield code="2">dct</marc:subfield>
      </marc:datafield>
      <marc:datafield tag="690" ind1=" " ind2="7">
         <marc:subfield code="a">FSU Dissertations.</marc:subfield>
         <marc:subfield code="2">local</marc:subfield>
         <marc:subfield code="9">LOCAL</marc:subfield>
      </marc:datafield>
      <marc:datafield tag="710" ind1="2" ind2=" ">
         <marc:subfield code="a">Florida State University.</marc:subfield>
         <marc:subfield code="e">degree granting institution.</marc:subfield>
         <marc:subfield code="0">http://id.loc.gov/authorities/names/n80126238</marc:subfield>
      </marc:datafield>
      <marc:datafield tag="856" ind1="4" ind2="0">
         <marc:subfield code="3">DigiNole</marc:subfield>
         <marc:subfield code="u">https://purl.lib.fsu.edu/diginole/2022_Clark_fsu_0071E_17094</marc:subfield>
         <marc:subfield code="y">Connect to online content:</marc:subfield>
      </marc:datafield>
      <marc:datafield tag="796" ind1="1" ind2=" ">
         <marc:subfield code="a">Shatruk, Mykhailo,</marc:subfield>
         <marc:subfield code="e">professor co-directing dissertation</marc:subfield>
         <marc:subfield code="9">LOCAL</marc:subfield>
      </marc:datafield>
      <marc:datafield tag="796" ind1="1" ind2=" ">
         <marc:subfield code="a">Garlea, Vasile O.,</marc:subfield>
         <marc:subfield code="e">professor co-directing dissertation</marc:subfield>
         <marc:subfield code="9">LOCAL</marc:subfield>
      </marc:datafield>
      <marc:datafield tag="796" ind1="1" ind2=" ">
         <marc:subfield code="a">Dobrosavljević, Vladimir,</marc:subfield>
         <marc:subfield code="e">university representative</marc:subfield>
         <marc:subfield code="9">LOCAL</marc:subfield>
      </marc:datafield>
      <marc:datafield tag="796" ind1="1" ind2=" ">
         <marc:subfield code="a">Latturner, Susan,</marc:subfield>
         <marc:subfield code="e">committee member</marc:subfield>
         <marc:subfield code="9">LOCAL</marc:subfield>
      </marc:datafield>
      <marc:datafield tag="796" ind1="1" ind2=" ">
         <marc:subfield code="a">Hu, Yan-yan,</marc:subfield>
         <marc:subfield code="e">committee member</marc:subfield>
         <marc:subfield code="9">LOCAL</marc:subfield>
      </marc:datafield>
      <marc:datafield tag="797" ind1="2" ind2=" ">
         <marc:subfield code="a">Florida State University.</marc:subfield>
         <marc:subfield code="b">Department of Chemistry and Biochemistry.</marc:subfield>
         <marc:subfield code="9">LOCAL</marc:subfield>
      </marc:datafield>
      <marc:datafield tag="904" ind1=" " ind2=" ">
         <marc:subfield code="a">4</marc:subfield>
         <marc:subfield code="9">LOCAL</marc:subfield>
      </marc:datafield>
   </marc:record>