
   <marc:record>
      <marc:leader>     nam  22      i 4500</marc:leader>
      <marc:controlfield tag="006">m     o  d        </marc:controlfield>
      <marc:controlfield tag="007">cr |||||||||||</marc:controlfield>
      <marc:controlfield tag="008">      s2022    flu     obm   000 0 eng d</marc:controlfield>
      <marc:datafield tag="040" ind1=" " ind2=" ">
         <marc:subfield code="a">FDA</marc:subfield>
         <marc:subfield code="b">eng</marc:subfield>
         <marc:subfield code="e">rda</marc:subfield>
         <marc:subfield code="c">FDA</marc:subfield>
      </marc:datafield>
      <marc:datafield tag="050" ind1=" " ind2="4">
         <marc:subfield code="a">LB2805</marc:subfield>
      </marc:datafield>
      <marc:datafield tag="100" ind1="1" ind2=" ">
         <marc:subfield code="a">Clark, Tiffany</marc:subfield>
         <marc:subfield code="q">(Tiffany A.),</marc:subfield>
         <marc:subfield code="e">author</marc:subfield>
      </marc:datafield>
      <marc:datafield tag="245" ind1="1" ind2="0">
         <marc:subfield code="a">Impacts of a Social-Emotional Learning Curriculum on the Prereading Skills of Prekindergarten Students /</marc:subfield>
         <marc:subfield code="c">by Tiffany A. Clark</marc:subfield>
      </marc:datafield>
      <marc:datafield tag="264" ind1=" " ind2="1">
         <marc:subfield code="a">Tallahassee, Florida :</marc:subfield>
         <marc:subfield code="b">Florida State University,</marc:subfield>
         <marc:subfield code="c">2022</marc:subfield>
      </marc:datafield>
      <marc:datafield tag="300" ind1=" " ind2=" ">
         <marc:subfield code="a">1 online resource (95 pages)</marc:subfield>
      </marc:datafield>
      <marc:datafield tag="336" ind1=" " ind2=" ">
         <marc:subfield code="a">text</marc:subfield>
         <marc:subfield code="b">txt</marc:subfield>
         <marc:subfield code="2">rdacontent</marc:subfield>
      </marc:datafield>
      <marc:datafield tag="337" ind1=" " ind2=" ">
         <marc:subfield code="a">computer</marc:subfield>
         <marc:subfield code="b">c</marc:subfield>
         <marc:subfield code="2">rdamedia</marc:subfield>
      </marc:datafield>
      <marc:datafield tag="338" ind1=" " ind2=" ">
         <marc:subfield code="a">online resource</marc:subfield>
         <marc:subfield code="b">cr</marc:subfield>
         <marc:subfield code="2">rdacarrier</marc:subfield>
      </marc:datafield>
      <marc:datafield tag="347" ind1=" " ind2=" ">
         <marc:subfield code="a">text file</marc:subfield>
         <marc:subfield code="2">rdaft</marc:subfield>
      </marc:datafield>
      <marc:datafield tag="347" ind1=" " ind2=" ">
         <marc:subfield code="b">PDF</marc:subfield>
      </marc:datafield>
      <marc:datafield tag="538" ind1=" " ind2=" ">
         <marc:subfield code="a">System requirements: Adobe Reader or other PDF viewer.</marc:subfield>
      </marc:datafield>
      <marc:datafield tag="588" ind1=" " ind2=" ">
         <marc:subfield code="a">Description based on online resource; title from PDF title page.</marc:subfield>
      </marc:datafield>
      <marc:datafield tag="500" ind1=" " ind2=" ">
         <marc:subfield code="a">Extent pagination is PDF page count.</marc:subfield>
      </marc:datafield>
      <marc:datafield tag="500" ind1=" " ind2=" ">
         <marc:subfield code="a">Advisory committee: Stacey Rutledge, Professor Directing Dissertation; Katherine Mooney, University Representative; Toby Park-Gaghan, Committee Member; Carolyn D. Herrington, Committee Member.</marc:subfield>
      </marc:datafield>
      <marc:datafield tag="500" ind1=" " ind2=" ">
         <marc:subfield code="a">A Dissertation submitted to the Department of Educational Leadership and Policy Studies in partial fulfillment of the requirements for the degree of Doctor of Education.</marc:subfield>
      </marc:datafield>
      <marc:datafield tag="500" ind1=" " ind2=" ">
         <marc:subfield code="a">Date of Defense: March 10, 2022.</marc:subfield>
      </marc:datafield>
      <marc:datafield tag="500" ind1=" " ind2=" ">
         <marc:subfield code="a">Keywords: Prekindergarten Social-Emotional Learning, Social-Emotional Learning.</marc:subfield>
      </marc:datafield>
      <marc:datafield tag="502" ind1=" " ind2=" ">
         <marc:subfield code="b">Ed.D.</marc:subfield>
         <marc:subfield code="c">Florida State University</marc:subfield>
         <marc:subfield code="d">2022.</marc:subfield>
      </marc:datafield>
      <marc:datafield tag="520" ind1="3" ind2=" ">
         <marc:subfield code="a">Self-regulation, an increasingly focus of social-emotional learning curriculums for over twenty years according to Zimmerman (2008), provides students with the ability of “setting goals, selecting strategies, and self-monitoring their effectiveness” as opposed to waiting for others to redirect their behavior (p. 166). Prekindergarten students who have documented strengths in social-emotional learning, and particularly self-regulation, have a greater chance at demonstrating academic readiness at the kindergarten level (Ashdown &amp; Bernard, 2015). On the contrary, if students do not strengthen these social-emotional learning skills by the age of 8, a potential of long-term academic weaknesses exists (Aksoy, 2019).Prekindergarten options such as the State of Florida Voluntary Prekindergarten Program, strive to provide enriching methodologies for students at four years of age with aspirations of strong social-emotional skills and academic success in kindergarten. The most recent readiness results, from the 2018 school year, from the State of Florida indicate 58% of students demonstrated proficiency, meaning 42% of students were not ready for kindergarten during the 2019 school year (Nickerson, 2019). This result is an increase from 36% not being proficient in the 2018 school year (Postal, 2019). The purpose of this study was to better understand if an increased focus on social-emotional development at the prekindergarten level would increase a prekindergarten student’s academic readiness in the form of print knowledge, phonological awareness, and oral language. In addition, the study researched the relationship between this social-emotional learning program and the number of verbal and physical aggressions for prekindergarten students. The leadership team for the school featured in this study researched several commercial programs dedicated to social-emotional learning and selected the Incredible Years Dinosaur School as the primary means for teaching social-emotional skills during the school years of 2020-2021. I conducted a descriptive study using ANOVA to compare academic reading scores of prekindergarten students at the school between the years of 2019-2020 (control group) and 2020-2021 (treatment group) using the results of the State of Florida Voluntary Prekindergarten Assessment for Assessment Period 1 administered within the first 30-days of each school year and Assessment Period 3 which occurred 30-days prior to the ending of both school years. I calculated the number of incidents of verbal and physical aggression using student behavioral incident forms to provide further data regarding the outcome. An additional analysis examined the role gender and age play in the success of students in both groups for the areas of literacy. This study finds that the students who participated in the Incredible Years Dinosaur School demonstrated growth in oral language skills with a decrease in both verbal and physical aggression occurrences. In addition, further analysis of age data between the control and treatment group indicated students from the younger cohort group (those who turned five years of age from February 1st 2021-August 31st 2021) demonstrated more success with pre-reading skills than those from the older group (those who turned five years of age from September 2, 2020-January 31, 2021. On the contrary, however, the results showed that the addition of the Incredible Years Dinosaur School at the school had no effect on the students’ print knowledge or phonological awareness levels. While the school found the implementation of Incredible Years Dinosaur School strengthened students’ social-emotional skills as measured by student behavioral data, the prekindergarten program at Country Wide School should research and employ supplemental reading curriculums for students to develop levels of print knowledge and phonological awareness. Oral Language, however, can be increased from such social-emotional learning programs as these programs typically provide modeling and an enhanced exposure to vocabulary. Prekindergarten programs should review the information presented in this study as well as examine the data from their own facilities to gauge whether additional time allotted to social-emotional learning possibly would be of benefit.</marc:subfield>
      </marc:datafield>
      <marc:datafield tag="504" ind1=" " ind2=" ">
         <marc:subfield code="a">Includes bibliographical references.</marc:subfield>
      </marc:datafield>
      <marc:datafield tag="650" ind1=" " ind2="0">
         <marc:subfield code="a">School management and organization</marc:subfield>
      </marc:datafield>
      <marc:datafield tag="650" ind1=" " ind2="0">
         <marc:subfield code="a">Education</marc:subfield>
      </marc:datafield>
      <marc:datafield tag="655" ind1=" " ind2="7">
         <marc:subfield code="a">Electronic Thesis or Dissertation.</marc:subfield>
         <marc:subfield code="2">dct</marc:subfield>
      </marc:datafield>
      <marc:datafield tag="690" ind1=" " ind2="7">
         <marc:subfield code="a">FSU Dissertations.</marc:subfield>
         <marc:subfield code="2">local</marc:subfield>
         <marc:subfield code="9">LOCAL</marc:subfield>
      </marc:datafield>
      <marc:datafield tag="710" ind1="2" ind2=" ">
         <marc:subfield code="a">Florida State University.</marc:subfield>
         <marc:subfield code="e">degree granting institution.</marc:subfield>
         <marc:subfield code="0">http://id.loc.gov/authorities/names/n80126238</marc:subfield>
      </marc:datafield>
      <marc:datafield tag="856" ind1="4" ind2="0">
         <marc:subfield code="3">DigiNole</marc:subfield>
         <marc:subfield code="u">https://purl.lib.fsu.edu/diginole/2022_Clark_fsu_0071E_17095</marc:subfield>
         <marc:subfield code="y">Connect to online content:</marc:subfield>
      </marc:datafield>
      <marc:datafield tag="796" ind1="1" ind2=" ">
         <marc:subfield code="a">Rutledge, Stacey A.,</marc:subfield>
         <marc:subfield code="e">professor directing dissertation</marc:subfield>
         <marc:subfield code="9">LOCAL</marc:subfield>
      </marc:datafield>
      <marc:datafield tag="796" ind1="1" ind2=" ">
         <marc:subfield code="a">Mooney, Katherine Carmines,</marc:subfield>
         <marc:subfield code="e">university representative</marc:subfield>
         <marc:subfield code="9">LOCAL</marc:subfield>
      </marc:datafield>
      <marc:datafield tag="796" ind1="1" ind2=" ">
         <marc:subfield code="a">Park, Toby J.,</marc:subfield>
         <marc:subfield code="e">committee member</marc:subfield>
         <marc:subfield code="9">LOCAL</marc:subfield>
      </marc:datafield>
      <marc:datafield tag="796" ind1="1" ind2=" ">
         <marc:subfield code="a">Herrington, Carolyn D.,</marc:subfield>
         <marc:subfield code="e">committee member</marc:subfield>
         <marc:subfield code="9">LOCAL</marc:subfield>
      </marc:datafield>
      <marc:datafield tag="797" ind1="2" ind2=" ">
         <marc:subfield code="a">Florida State University.</marc:subfield>
         <marc:subfield code="b">Department of Educational Leadership and Policy Studies.</marc:subfield>
         <marc:subfield code="9">LOCAL</marc:subfield>
      </marc:datafield>
      <marc:datafield tag="904" ind1=" " ind2=" ">
         <marc:subfield code="a">0</marc:subfield>
         <marc:subfield code="9">LOCAL</marc:subfield>
      </marc:datafield>
   </marc:record>