
   <marc:record>
      <marc:leader>     nam  22      i 4500</marc:leader>
      <marc:controlfield tag="006">m     o  d        </marc:controlfield>
      <marc:controlfield tag="007">cr |||||||||||</marc:controlfield>
      <marc:controlfield tag="008">      s2022    flu     obm   000 0 eng d</marc:controlfield>
      <marc:datafield tag="040" ind1=" " ind2=" ">
         <marc:subfield code="a">FDA</marc:subfield>
         <marc:subfield code="b">eng</marc:subfield>
         <marc:subfield code="e">rda</marc:subfield>
         <marc:subfield code="c">FDA</marc:subfield>
      </marc:datafield>
      <marc:datafield tag="050" ind1=" " ind2="4">
         <marc:subfield code="a">LC189</marc:subfield>
      </marc:datafield>
      <marc:datafield tag="100" ind1="1" ind2=" ">
         <marc:subfield code="a">Dillard, Julie Pigott,</marc:subfield>
         <marc:subfield code="e">author</marc:subfield>
      </marc:datafield>
      <marc:datafield tag="245" ind1="1" ind2="3">
         <marc:subfield code="a">An Exploration of Current and Potential Resources to Support Florida 4-H Volunteers /</marc:subfield>
         <marc:subfield code="c">by Julie Pigott Dillard</marc:subfield>
      </marc:datafield>
      <marc:datafield tag="264" ind1=" " ind2="1">
         <marc:subfield code="a">Tallahassee, Florida :</marc:subfield>
         <marc:subfield code="b">Florida State University,</marc:subfield>
         <marc:subfield code="c">2022</marc:subfield>
      </marc:datafield>
      <marc:datafield tag="300" ind1=" " ind2=" ">
         <marc:subfield code="a">1 online resource (104 pages)</marc:subfield>
      </marc:datafield>
      <marc:datafield tag="336" ind1=" " ind2=" ">
         <marc:subfield code="a">text</marc:subfield>
         <marc:subfield code="b">txt</marc:subfield>
         <marc:subfield code="2">rdacontent</marc:subfield>
      </marc:datafield>
      <marc:datafield tag="337" ind1=" " ind2=" ">
         <marc:subfield code="a">computer</marc:subfield>
         <marc:subfield code="b">c</marc:subfield>
         <marc:subfield code="2">rdamedia</marc:subfield>
      </marc:datafield>
      <marc:datafield tag="338" ind1=" " ind2=" ">
         <marc:subfield code="a">online resource</marc:subfield>
         <marc:subfield code="b">cr</marc:subfield>
         <marc:subfield code="2">rdacarrier</marc:subfield>
      </marc:datafield>
      <marc:datafield tag="347" ind1=" " ind2=" ">
         <marc:subfield code="a">text file</marc:subfield>
         <marc:subfield code="2">rdaft</marc:subfield>
      </marc:datafield>
      <marc:datafield tag="347" ind1=" " ind2=" ">
         <marc:subfield code="b">PDF</marc:subfield>
      </marc:datafield>
      <marc:datafield tag="538" ind1=" " ind2=" ">
         <marc:subfield code="a">System requirements: Adobe Reader or other PDF viewer.</marc:subfield>
      </marc:datafield>
      <marc:datafield tag="588" ind1=" " ind2=" ">
         <marc:subfield code="a">Description based on online resource; title from PDF title page.</marc:subfield>
      </marc:datafield>
      <marc:datafield tag="500" ind1=" " ind2=" ">
         <marc:subfield code="a">Extent pagination is PDF page count.</marc:subfield>
      </marc:datafield>
      <marc:datafield tag="500" ind1=" " ind2=" ">
         <marc:subfield code="a">Advisory committee: James D. Klein, Professor Directing Dissertation; Jonathan Adams, University Representative; Vanessa Dennen, Committee Member; Allan Jeong, Committee Member.</marc:subfield>
      </marc:datafield>
      <marc:datafield tag="500" ind1=" " ind2=" ">
         <marc:subfield code="a">A Dissertation submitted to the Department of Educational Psychology and Learning Systems in partial fulfillment of the requirements for the degree of Doctor of Education.</marc:subfield>
      </marc:datafield>
      <marc:datafield tag="500" ind1=" " ind2=" ">
         <marc:subfield code="a">Date of Defense: February 14, 2022.</marc:subfield>
      </marc:datafield>
      <marc:datafield tag="502" ind1=" " ind2=" ">
         <marc:subfield code="b">Ed.D.</marc:subfield>
         <marc:subfield code="c">Florida State University</marc:subfield>
         <marc:subfield code="d">2022.</marc:subfield>
      </marc:datafield>
      <marc:datafield tag="520" ind1="3" ind2=" ">
         <marc:subfield code="a">Volunteers are critical to the success of the Florida 4-H youth development program. They broaden the scope of county programs and increase program capacity beyond what a single 4-H faculty member could provide. Because of the reliance on volunteers to deliver positive youth development programming, the overall success of the organization could depend on the level of training and support volunteers receive (Arnold et al., 2009). Volunteer development is part of the overall volunteer management system aimed at preparing volunteers for their roles and responsibilities. Those on-going activities could include orientation, supervision, relaying policies and procedures, training, support, feedback, recognition, and continual management (Kyrwood, et al., 2016; Plesak, n.d.). While investing in volunteer development is expensive and time-consuming, it yields positive impacts related to the volunteer and within the organization (Manetti et al., 2015; Malinen &amp; Harju, 2016; Boone et al., 2013). Conversely, when organizations fail to provide effective volunteer leadership or volunteer investment, volunteer satisfaction decreases and volunteers leave resulting in organizational losses (Radhakrishna et al., 2011). Skills and competencies youth development volunteers should possess have been both researched and established in current literature. They include communication, organizational, subject matter, relational, leadership, technology, time management, facilitation, and teaching skills as well as policy and procedural knowledge and skills directly related to their volunteer roles (Culp et al., 2007; Kok et al., 2020). While there is empirical research on volunteer skills, competencies, motivations, and organizational benefits, research examining the specific resource needs of volunteers is scarce. Thus, how adults learn in the workplace holds implications for volunteer development. Activities like group participation, observing others, working through tasks, and working directly with clients as well as resources like documents, manuals, mentoring, and coaching could assist volunteers with fulfilling their roles and responsibilities (Eraut et al., 2004). In addition, job aids, check lists, videos, and resource sharing could provide further resources for supporting volunteers (Moore et al., 2019). The purpose of this research study was to explore what current resources Florida 4-H provides for its volunteers and to describe the beliefs related to volunteer support between the two stakeholder groups, Florida 4-H volunteers and Florida 4-H faculty members, and how those beliefs might differ between the two groups. Four research questions guided this study: • Research Question 1: What resources does Florida 4-H provide for its volunteers? • Research Question 2: What resources do Florida 4-H volunteers identify as helpful in fulfilling their roles and responsibilities? • Research Question 3: What resources do Florida 4-H faculty members identify as helpful for volunteers to successfully fulfill their roles and responsibilities? • Research Question 4: How do the beliefs of Florida 4-H volunteers and Florida 4-H faculty members differ as related to resources helpful in successfully fulfilling volunteer roles and responsibilities? The study consisted of an online questionnaire and follow-up interviews with both Florida 4-H volunteers and 4-H faculty members. Survey respondents included 229 volunteers and 32 faculty members. Follow-up interviews were conducted one-on-one with 10 volunteers and 10 faculty members. The results of this study indicated that volunteer resources should be delivered using a wide variety of methods that directly support volunteer work. Resources are particularly needed that support the 4-H club and youth project work. For example, both volunteers and faculty cited a need for training related to parliamentary procedures and resources like checklists and manuals to support running 4-H club meetings. In addition, study results indicated facilitating, improving, and supporting communication between 4-H volunteers and 4-H faculty and 4-H volunteers and Florida 4-H. For example, the Florida 4-H website was identified as lacking in functionality and overall organizational support to volunteers and faculty which directly affected youth and parent stakeholders. Findings from this study could help to establish a framework for resource development to support the Florida 4-H volunteer development program.</marc:subfield>
      </marc:datafield>
      <marc:datafield tag="504" ind1=" " ind2=" ">
         <marc:subfield code="a">Includes bibliographical references.</marc:subfield>
      </marc:datafield>
      <marc:datafield tag="650" ind1=" " ind2="0">
         <marc:subfield code="a">Educational psychology</marc:subfield>
      </marc:datafield>
      <marc:datafield tag="650" ind1=" " ind2="0">
         <marc:subfield code="a">Educational sociology</marc:subfield>
      </marc:datafield>
      <marc:datafield tag="650" ind1=" " ind2="0">
         <marc:subfield code="a">Education</marc:subfield>
      </marc:datafield>
      <marc:datafield tag="655" ind1=" " ind2="7">
         <marc:subfield code="a">Electronic Thesis or Dissertation.</marc:subfield>
         <marc:subfield code="2">dct</marc:subfield>
      </marc:datafield>
      <marc:datafield tag="690" ind1=" " ind2="7">
         <marc:subfield code="a">FSU Dissertations.</marc:subfield>
         <marc:subfield code="2">local</marc:subfield>
         <marc:subfield code="9">LOCAL</marc:subfield>
      </marc:datafield>
      <marc:datafield tag="710" ind1="2" ind2=" ">
         <marc:subfield code="a">Florida State University.</marc:subfield>
         <marc:subfield code="e">degree granting institution.</marc:subfield>
         <marc:subfield code="0">http://id.loc.gov/authorities/names/n80126238</marc:subfield>
      </marc:datafield>
      <marc:datafield tag="856" ind1="4" ind2="0">
         <marc:subfield code="3">DigiNole</marc:subfield>
         <marc:subfield code="u">https://purl.lib.fsu.edu/diginole/2022_Dillard_fsu_0071E_16949</marc:subfield>
         <marc:subfield code="y">Connect to online content:</marc:subfield>
      </marc:datafield>
      <marc:datafield tag="796" ind1="1" ind2=" ">
         <marc:subfield code="a">Klein, James D.,</marc:subfield>
         <marc:subfield code="e">professor directing dissertation</marc:subfield>
         <marc:subfield code="9">LOCAL</marc:subfield>
      </marc:datafield>
      <marc:datafield tag="796" ind1="1" ind2=" ">
         <marc:subfield code="a">Adams, Jonathan L.,</marc:subfield>
         <marc:subfield code="e">university representative</marc:subfield>
         <marc:subfield code="9">LOCAL</marc:subfield>
      </marc:datafield>
      <marc:datafield tag="796" ind1="1" ind2=" ">
         <marc:subfield code="a">Dennen, Vanessa P.,</marc:subfield>
         <marc:subfield code="d">1970-</marc:subfield>
         <marc:subfield code="e">committee member</marc:subfield>
         <marc:subfield code="9">LOCAL</marc:subfield>
      </marc:datafield>
      <marc:datafield tag="796" ind1="1" ind2=" ">
         <marc:subfield code="a">Jeong, Allan C.,</marc:subfield>
         <marc:subfield code="e">committee member</marc:subfield>
         <marc:subfield code="9">LOCAL</marc:subfield>
      </marc:datafield>
      <marc:datafield tag="797" ind1="2" ind2=" ">
         <marc:subfield code="a">Florida State University.</marc:subfield>
         <marc:subfield code="b">Department of Educational Psychology and Learning Systems.</marc:subfield>
         <marc:subfield code="9">LOCAL</marc:subfield>
      </marc:datafield>
      <marc:datafield tag="904" ind1=" " ind2=" ">
         <marc:subfield code="a">0</marc:subfield>
         <marc:subfield code="9">LOCAL</marc:subfield>
      </marc:datafield>
   </marc:record>