
   <marc:record>
      <marc:leader>     nam  22      i 4500</marc:leader>
      <marc:controlfield tag="006">m     o  d        </marc:controlfield>
      <marc:controlfield tag="007">cr |||||||||||</marc:controlfield>
      <marc:controlfield tag="008">      s2022    flu     obm   000 0 eng d</marc:controlfield>
      <marc:datafield tag="040" ind1=" " ind2=" ">
         <marc:subfield code="a">FDA</marc:subfield>
         <marc:subfield code="b">eng</marc:subfield>
         <marc:subfield code="e">rda</marc:subfield>
         <marc:subfield code="c">FDA</marc:subfield>
      </marc:datafield>
      <marc:datafield tag="050" ind1=" " ind2="4">
         <marc:subfield code="a">PS</marc:subfield>
      </marc:datafield>
      <marc:datafield tag="100" ind1="1" ind2=" ">
         <marc:subfield code="a">Forde, Diamond</marc:subfield>
         <marc:subfield code="q">(Diamond J.),</marc:subfield>
         <marc:subfield code="e">author</marc:subfield>
      </marc:datafield>
      <marc:datafield tag="245" ind1="1" ind2="4">
         <marc:subfield code="a">The Book of Alice /</marc:subfield>
         <marc:subfield code="c">by Diamond J. Forde</marc:subfield>
      </marc:datafield>
      <marc:datafield tag="264" ind1=" " ind2="1">
         <marc:subfield code="a">Tallahassee, Florida :</marc:subfield>
         <marc:subfield code="b">Florida State University,</marc:subfield>
         <marc:subfield code="c">2022</marc:subfield>
      </marc:datafield>
      <marc:datafield tag="300" ind1=" " ind2=" ">
         <marc:subfield code="a">1 online resource (119 pages)</marc:subfield>
      </marc:datafield>
      <marc:datafield tag="336" ind1=" " ind2=" ">
         <marc:subfield code="a">text</marc:subfield>
         <marc:subfield code="b">txt</marc:subfield>
         <marc:subfield code="2">rdacontent</marc:subfield>
      </marc:datafield>
      <marc:datafield tag="337" ind1=" " ind2=" ">
         <marc:subfield code="a">computer</marc:subfield>
         <marc:subfield code="b">c</marc:subfield>
         <marc:subfield code="2">rdamedia</marc:subfield>
      </marc:datafield>
      <marc:datafield tag="338" ind1=" " ind2=" ">
         <marc:subfield code="a">online resource</marc:subfield>
         <marc:subfield code="b">cr</marc:subfield>
         <marc:subfield code="2">rdacarrier</marc:subfield>
      </marc:datafield>
      <marc:datafield tag="347" ind1=" " ind2=" ">
         <marc:subfield code="a">text file</marc:subfield>
         <marc:subfield code="2">rdaft</marc:subfield>
      </marc:datafield>
      <marc:datafield tag="347" ind1=" " ind2=" ">
         <marc:subfield code="b">PDF</marc:subfield>
      </marc:datafield>
      <marc:datafield tag="538" ind1=" " ind2=" ">
         <marc:subfield code="a">System requirements: Adobe Reader or other PDF viewer.</marc:subfield>
      </marc:datafield>
      <marc:datafield tag="588" ind1=" " ind2=" ">
         <marc:subfield code="a">Description based on online resource; title from PDF title page.</marc:subfield>
      </marc:datafield>
      <marc:datafield tag="500" ind1=" " ind2=" ">
         <marc:subfield code="a">Extent pagination is PDF page count.</marc:subfield>
      </marc:datafield>
      <marc:datafield tag="500" ind1=" " ind2=" ">
         <marc:subfield code="a">Advisory committee: Barbara Hamby, Professor Co-Directing Dissertation; L. Lamar Wilson, Professor Co-Directing Dissertation; Silvia Valisa, University Representative; Alisha Gaines, Committee Member; Ravi Howard, Committee Member.</marc:subfield>
      </marc:datafield>
      <marc:datafield tag="500" ind1=" " ind2=" ">
         <marc:subfield code="a">A Dissertation submitted to the Department of English in partial fulfillment of the requirements for the degree of Doctor of Philosophy.</marc:subfield>
      </marc:datafield>
      <marc:datafield tag="500" ind1=" " ind2=" ">
         <marc:subfield code="a">Date of Defense: March 11, 2022.</marc:subfield>
      </marc:datafield>
      <marc:datafield tag="502" ind1=" " ind2=" ">
         <marc:subfield code="b">Ph.D.</marc:subfield>
         <marc:subfield code="c">Florida State University</marc:subfield>
         <marc:subfield code="d">2022.</marc:subfield>
      </marc:datafield>
      <marc:datafield tag="520" ind1="3" ind2=" ">
         <marc:subfield code="a">The Book of Alice embodies the tension between a desire to re-center Black women in the narrative of creation and the Bible’s history of oppression. There are several questions guiding this completion of this project: first, what tensions are created when we transpose a tool of oppression, like Christianity, over Black narratives; what happens when we focalize on the Black narratives that have been erased/whitewashed within the most canonical text in the Western tradition; finally, how might the repositioning of these voices resurrect the Bible as a relevant and revelatory text? The project as a whole is composed of three sections: Genesis, which wrestles with the origins of the main character, Alice, and the reoccurring tension between her desire for self-love and divinity; Exodus, which parallels The Great Migration alongside the narrative of Alice’s eventual passing; and Revelations, which describes the speaker’s journey towards self-love after the death of Alice. The project defines a difference between silence and quiet, acknowledging Kevin Quashie’s (The Sovereignty of Quiet) suggestion that the quiet interior can be a source of liberation. It foregrounds matters of silence as an oppressive force in the project’s explorations of the transmutable South and the Black body’s external reading as “excessive.” The project as a whole undergirds the development of a fat poetics through its focus on Black subjectivity, the importance of folklore, and its genre-challenging range.</marc:subfield>
      </marc:datafield>
      <marc:datafield tag="504" ind1=" " ind2=" ">
         <marc:subfield code="a">Includes bibliographical references.</marc:subfield>
      </marc:datafield>
      <marc:datafield tag="506" ind1=" " ind2=" ">
         <marc:subfield code="a">This thesis/dissertation may be embargoed for a limited time. Click access link to check availability.</marc:subfield>
      </marc:datafield>
      <marc:datafield tag="655" ind1=" " ind2="7">
         <marc:subfield code="a">Poetry</marc:subfield>
         <marc:subfield code="2">lcgft</marc:subfield>
      </marc:datafield>
      <marc:datafield tag="650" ind1=" " ind2="0">
         <marc:subfield code="a">African Americans</marc:subfield>
         <marc:subfield code="x">Study and teaching</marc:subfield>
      </marc:datafield>
      <marc:datafield tag="655" ind1=" " ind2="7">
         <marc:subfield code="a">Electronic Thesis or Dissertation.</marc:subfield>
         <marc:subfield code="2">dct</marc:subfield>
      </marc:datafield>
      <marc:datafield tag="690" ind1=" " ind2="7">
         <marc:subfield code="a">FSU Dissertations.</marc:subfield>
         <marc:subfield code="2">local</marc:subfield>
         <marc:subfield code="9">LOCAL</marc:subfield>
      </marc:datafield>
      <marc:datafield tag="710" ind1="2" ind2=" ">
         <marc:subfield code="a">Florida State University.</marc:subfield>
         <marc:subfield code="e">degree granting institution.</marc:subfield>
         <marc:subfield code="0">http://id.loc.gov/authorities/names/n80126238</marc:subfield>
      </marc:datafield>
      <marc:datafield tag="856" ind1="4" ind2="0">
         <marc:subfield code="3">DigiNole</marc:subfield>
         <marc:subfield code="u">https://purl.lib.fsu.edu/diginole/2022_Forde_fsu_0071E_17031</marc:subfield>
         <marc:subfield code="y">Connect to online content:</marc:subfield>
      </marc:datafield>
      <marc:datafield tag="796" ind1="1" ind2=" ">
         <marc:subfield code="a">Hamby, Barbara,</marc:subfield>
         <marc:subfield code="d">1952-</marc:subfield>
         <marc:subfield code="e">professor co-directing dissertation</marc:subfield>
         <marc:subfield code="9">LOCAL</marc:subfield>
      </marc:datafield>
      <marc:datafield tag="796" ind1="1" ind2=" ">
         <marc:subfield code="a">Wilson, L. Lamar,</marc:subfield>
         <marc:subfield code="d">1979-</marc:subfield>
         <marc:subfield code="e">professor co-directing dissertation</marc:subfield>
         <marc:subfield code="9">LOCAL</marc:subfield>
      </marc:datafield>
      <marc:datafield tag="796" ind1="1" ind2=" ">
         <marc:subfield code="a">Valisa, Silvia,</marc:subfield>
         <marc:subfield code="d">1971-</marc:subfield>
         <marc:subfield code="e">university representative</marc:subfield>
         <marc:subfield code="9">LOCAL</marc:subfield>
      </marc:datafield>
      <marc:datafield tag="796" ind1="1" ind2=" ">
         <marc:subfield code="a">Gaines, Alisha,</marc:subfield>
         <marc:subfield code="e">committee member</marc:subfield>
         <marc:subfield code="9">LOCAL</marc:subfield>
      </marc:datafield>
      <marc:datafield tag="796" ind1="1" ind2=" ">
         <marc:subfield code="a">Howard, Ravi,</marc:subfield>
         <marc:subfield code="e">committee member</marc:subfield>
         <marc:subfield code="9">LOCAL</marc:subfield>
      </marc:datafield>
      <marc:datafield tag="797" ind1="2" ind2=" ">
         <marc:subfield code="a">Florida State University.</marc:subfield>
         <marc:subfield code="b">Department of English.</marc:subfield>
         <marc:subfield code="9">LOCAL</marc:subfield>
      </marc:datafield>
      <marc:datafield tag="904" ind1=" " ind2=" ">
         <marc:subfield code="a">4</marc:subfield>
         <marc:subfield code="9">LOCAL</marc:subfield>
      </marc:datafield>
   </marc:record>