
   <marc:record>
      <marc:leader>     nam  22      i 4500</marc:leader>
      <marc:controlfield tag="006">m     o  d        </marc:controlfield>
      <marc:controlfield tag="007">cr |||||||||||</marc:controlfield>
      <marc:controlfield tag="008">      s2022    flu     obm   000 0 eng d</marc:controlfield>
      <marc:datafield tag="040" ind1=" " ind2=" ">
         <marc:subfield code="a">FDA</marc:subfield>
         <marc:subfield code="b">eng</marc:subfield>
         <marc:subfield code="e">rda</marc:subfield>
         <marc:subfield code="c">FDA</marc:subfield>
      </marc:datafield>
      <marc:datafield tag="050" ind1=" " ind2="4">
         <marc:subfield code="a">HB1</marc:subfield>
      </marc:datafield>
      <marc:datafield tag="100" ind1="1" ind2=" ">
         <marc:subfield code="a">Goldstein, Ezra G.</marc:subfield>
         <marc:subfield code="q">(Ezra Gabriel),</marc:subfield>
         <marc:subfield code="e">author</marc:subfield>
      </marc:datafield>
      <marc:datafield tag="245" ind1="1" ind2="0">
         <marc:subfield code="a">Essays in Child Welfare and Long-Run Economic Well-Being /</marc:subfield>
         <marc:subfield code="c">by Ezra G. Goldstein</marc:subfield>
      </marc:datafield>
      <marc:datafield tag="264" ind1=" " ind2="1">
         <marc:subfield code="a">Tallahassee, Florida :</marc:subfield>
         <marc:subfield code="b">Florida State University,</marc:subfield>
         <marc:subfield code="c">2022</marc:subfield>
      </marc:datafield>
      <marc:datafield tag="300" ind1=" " ind2=" ">
         <marc:subfield code="a">1 online resource (171 pages)</marc:subfield>
      </marc:datafield>
      <marc:datafield tag="336" ind1=" " ind2=" ">
         <marc:subfield code="a">text</marc:subfield>
         <marc:subfield code="b">txt</marc:subfield>
         <marc:subfield code="2">rdacontent</marc:subfield>
      </marc:datafield>
      <marc:datafield tag="337" ind1=" " ind2=" ">
         <marc:subfield code="a">computer</marc:subfield>
         <marc:subfield code="b">c</marc:subfield>
         <marc:subfield code="2">rdamedia</marc:subfield>
      </marc:datafield>
      <marc:datafield tag="338" ind1=" " ind2=" ">
         <marc:subfield code="a">online resource</marc:subfield>
         <marc:subfield code="b">cr</marc:subfield>
         <marc:subfield code="2">rdacarrier</marc:subfield>
      </marc:datafield>
      <marc:datafield tag="347" ind1=" " ind2=" ">
         <marc:subfield code="a">text file</marc:subfield>
         <marc:subfield code="2">rdaft</marc:subfield>
      </marc:datafield>
      <marc:datafield tag="347" ind1=" " ind2=" ">
         <marc:subfield code="b">PDF</marc:subfield>
      </marc:datafield>
      <marc:datafield tag="538" ind1=" " ind2=" ">
         <marc:subfield code="a">System requirements: Adobe Reader or other PDF viewer.</marc:subfield>
      </marc:datafield>
      <marc:datafield tag="588" ind1=" " ind2=" ">
         <marc:subfield code="a">Description based on online resource; title from PDF title page.</marc:subfield>
      </marc:datafield>
      <marc:datafield tag="500" ind1=" " ind2=" ">
         <marc:subfield code="a">Extent pagination is PDF page count.</marc:subfield>
      </marc:datafield>
      <marc:datafield tag="500" ind1=" " ind2=" ">
         <marc:subfield code="a">Advisory committee: Shawn Kantor, Professor Directing Dissertation; Ronald Doel, University Representative; Carl Kitchens, Committee Member; Luke Rodgers, Committee Member.</marc:subfield>
      </marc:datafield>
      <marc:datafield tag="500" ind1=" " ind2=" ">
         <marc:subfield code="a">A Dissertation submitted to the Department of Economics in partial fulfillment of the requirements for the degree of Doctor of Philosophy.</marc:subfield>
      </marc:datafield>
      <marc:datafield tag="500" ind1=" " ind2=" ">
         <marc:subfield code="a">Date of Defense: March 9, 2022.</marc:subfield>
      </marc:datafield>
      <marc:datafield tag="502" ind1=" " ind2=" ">
         <marc:subfield code="b">Ph.D.</marc:subfield>
         <marc:subfield code="c">Florida State University</marc:subfield>
         <marc:subfield code="d">2022.</marc:subfield>
      </marc:datafield>
      <marc:datafield tag="520" ind1="3" ind2=" ">
         <marc:subfield code="a">This dissertation is composed of three papers, all using modern applied econometric methods that try to isolate causal estimates in several important settings. Each chapter examines social and formal institutions on the well-being of children. The first chapter studies the importance of parental presence for children's adulthood labor market outcomes. Through interactions with their parents, a child develops the basic foundations for cognitive and non-cognitive skills that directly shape their adulthood economic well-being. Motivated by this critical role, a large body of research has sought to uncover the consequences of disruptions to family structure and parental inputs on a child's development. Despite its importance, we know relatively little about the consequences of the most severe form of parental absence: the death of a parent. Empirical evidence of the long-run causal effects of parental death has been limited since it requires sufficient longitudinal data and plausibly exogenous variation in parental mortality. To overcome these challenges in the literature, I make use of a rich dataset of over 180,000 historical mining accidents and link individual accident victims to the full-count U.S. Census. Doing so allows me to follow the sons of mining accident victims through to adulthood and study the causal effects of parental death on economic well-being. To identify the causal impact of parental death, I compare the adulthood outcomes of children of fatal mining accident victims to children whose parents suffered a serious but non-fatal mining accident. I find that, compared to children of non-fatal mining accident victims, bereaved children experienced nearly four percent lower wage income during adulthood. Further analyses reveal the most severe effects stem from those that lost their parent at an early age. Specifically, adults who were younger than primary school age when they lost their fathers had roughly 15 percent lower wages. Exploring potential channels, I show that most of the estimated earnings penalty can be attributed to differences in employment along both the intensive and extensive margins and is not due to differences in human capital accumulation. Bereaved sons were more likely to be out of work, report unemployment assistance, and work fewer weeks. Together, these employment channels can account for more than 60 percent of the estimated loss of adulthood income. The second chapter of this dissertation, coauthored with E. Jason Baron (a classmate at Florida State University) and Joseph P. Ryan (Professor of Social Work at the University of Michigan), examines the sources of over-representation of Black children in foster care systems and the causal effects of one popular reform that seeks to reduce this over-representation. The program, known as "blind removals," conceals demographic characteristics of children at-risk for foster care placement from child welfare professionals weighing whether or not to remove the child from their home. We present the first quantitative analysis of blind removals by examining a comprehensive administrative dataset of the universe of child maltreatment investigations in Michigan and presents two main findings. First, the over-representation of Black children in foster care systems is almost entirely driven by Black children being twice as likely to be investigated for child maltreatment as White children. Conditional on initial rates of investigation, White and Black children are placed in foster care at similar rates. Second, the study finds no evidence that blind removals impacted the already small racial disparities in the removal decision, but the program substantially increased the time to removal. The final chapter of this dissertation, coauthored with two classmates from Florida State University (E. Jason Baron and Cullen T. Wallace), highlights the link between educators and child maltreatment reporting. Roughly four in ten children experience child maltreatment by the time they reach adulthood. Importantly, teachers, guidance counselors, school psychologists, and other school workers are mandated reporters of suspected child maltreatment, and education personnel are the primary reporting source of suspected child maltreatment. To combat the spread of COVID-19, most K-12 public schools in the U.S. canceled in-person classes. While several studies have highlighted the costly effects of COVID-19 learning losses, time away from school could also negatively impact children through a much less explored channel: a broken link between reporters and victims of child maltreatment. The study uses county-level data from Florida to estimate a counterfactual distribution of child maltreatment allegations for March and April 2020, the first two months in which Florida schools closed. While one would expect the financial, mental, and physical stress due to COVID to result in more child maltreatment cases, we find that the actual number of reported allegations was 15,000 lower (27 percent) than expected for these two months in Florida (and roughly 212,500 nationwide.) The results yield important implications: while school closures may be effective at halting the spread of COVID-19, policymakers should consider the under-reporting of child maltreatment when evaluating the cost-benefit analyses of keeping schools closed.</marc:subfield>
      </marc:datafield>
      <marc:datafield tag="504" ind1=" " ind2=" ">
         <marc:subfield code="a">Includes bibliographical references.</marc:subfield>
      </marc:datafield>
      <marc:datafield tag="650" ind1=" " ind2="0">
         <marc:subfield code="a">Economics</marc:subfield>
      </marc:datafield>
      <marc:datafield tag="655" ind1=" " ind2="7">
         <marc:subfield code="a">Electronic Thesis or Dissertation.</marc:subfield>
         <marc:subfield code="2">dct</marc:subfield>
      </marc:datafield>
      <marc:datafield tag="690" ind1=" " ind2="7">
         <marc:subfield code="a">FSU Dissertations.</marc:subfield>
         <marc:subfield code="2">local</marc:subfield>
         <marc:subfield code="9">LOCAL</marc:subfield>
      </marc:datafield>
      <marc:datafield tag="710" ind1="2" ind2=" ">
         <marc:subfield code="a">Florida State University.</marc:subfield>
         <marc:subfield code="e">degree granting institution.</marc:subfield>
         <marc:subfield code="0">http://id.loc.gov/authorities/names/n80126238</marc:subfield>
      </marc:datafield>
      <marc:datafield tag="856" ind1="4" ind2="0">
         <marc:subfield code="3">DigiNole</marc:subfield>
         <marc:subfield code="u">https://purl.lib.fsu.edu/diginole/2022_Goldstein_fsu_0071E_17000</marc:subfield>
         <marc:subfield code="y">Connect to online content:</marc:subfield>
      </marc:datafield>
      <marc:datafield tag="796" ind1="1" ind2=" ">
         <marc:subfield code="a">Kantor, Shawn Everett,</marc:subfield>
         <marc:subfield code="e">professor directing dissertation</marc:subfield>
         <marc:subfield code="9">LOCAL</marc:subfield>
      </marc:datafield>
      <marc:datafield tag="796" ind1="1" ind2=" ">
         <marc:subfield code="a">Doel, Ronald Edmund,</marc:subfield>
         <marc:subfield code="e">university representative</marc:subfield>
         <marc:subfield code="9">LOCAL</marc:subfield>
      </marc:datafield>
      <marc:datafield tag="796" ind1="1" ind2=" ">
         <marc:subfield code="a">Kitchens, Carl T.,</marc:subfield>
         <marc:subfield code="e">committee member</marc:subfield>
         <marc:subfield code="9">LOCAL</marc:subfield>
      </marc:datafield>
      <marc:datafield tag="796" ind1="1" ind2=" ">
         <marc:subfield code="a">Rodgers, Luke P.,</marc:subfield>
         <marc:subfield code="e">committee member</marc:subfield>
         <marc:subfield code="9">LOCAL</marc:subfield>
      </marc:datafield>
      <marc:datafield tag="797" ind1="2" ind2=" ">
         <marc:subfield code="a">Florida State University.</marc:subfield>
         <marc:subfield code="b">Department of Economics.</marc:subfield>
         <marc:subfield code="9">LOCAL</marc:subfield>
      </marc:datafield>
      <marc:datafield tag="904" ind1=" " ind2=" ">
         <marc:subfield code="a">0</marc:subfield>
         <marc:subfield code="9">LOCAL</marc:subfield>
      </marc:datafield>
   </marc:record>