
   <marc:record>
      <marc:leader>     nam  22      i 4500</marc:leader>
      <marc:controlfield tag="006">m     o  d        </marc:controlfield>
      <marc:controlfield tag="007">cr |||||||||||</marc:controlfield>
      <marc:controlfield tag="008">      s2022    flu     obm   000 0 eng d</marc:controlfield>
      <marc:datafield tag="040" ind1=" " ind2=" ">
         <marc:subfield code="a">FDA</marc:subfield>
         <marc:subfield code="b">eng</marc:subfield>
         <marc:subfield code="e">rda</marc:subfield>
         <marc:subfield code="c">FDA</marc:subfield>
      </marc:datafield>
      <marc:datafield tag="050" ind1=" " ind2="4">
         <marc:subfield code="a">BJ</marc:subfield>
      </marc:datafield>
      <marc:datafield tag="100" ind1="1" ind2=" ">
         <marc:subfield code="a">Harry, Richard E.</marc:subfield>
         <marc:subfield code="q">(Richard Edward),</marc:subfield>
         <marc:subfield code="e">author</marc:subfield>
      </marc:datafield>
      <marc:datafield tag="245" ind1="1" ind2="0">
         <marc:subfield code="a">From Dogmatics to Liberal Theology and Religionswissenschaft :</marc:subfield>
         <marc:subfield code="b">Ernst Troeltsch between Historicism and the Metaphysics of Value /</marc:subfield>
         <marc:subfield code="c">by Richard E. Harry</marc:subfield>
      </marc:datafield>
      <marc:datafield tag="264" ind1=" " ind2="1">
         <marc:subfield code="a">Tallahassee, Florida :</marc:subfield>
         <marc:subfield code="b">Florida State University,</marc:subfield>
         <marc:subfield code="c">2022</marc:subfield>
      </marc:datafield>
      <marc:datafield tag="300" ind1=" " ind2=" ">
         <marc:subfield code="a">1 online resource (440 pages)</marc:subfield>
      </marc:datafield>
      <marc:datafield tag="336" ind1=" " ind2=" ">
         <marc:subfield code="a">text</marc:subfield>
         <marc:subfield code="b">txt</marc:subfield>
         <marc:subfield code="2">rdacontent</marc:subfield>
      </marc:datafield>
      <marc:datafield tag="337" ind1=" " ind2=" ">
         <marc:subfield code="a">computer</marc:subfield>
         <marc:subfield code="b">c</marc:subfield>
         <marc:subfield code="2">rdamedia</marc:subfield>
      </marc:datafield>
      <marc:datafield tag="338" ind1=" " ind2=" ">
         <marc:subfield code="a">online resource</marc:subfield>
         <marc:subfield code="b">cr</marc:subfield>
         <marc:subfield code="2">rdacarrier</marc:subfield>
      </marc:datafield>
      <marc:datafield tag="347" ind1=" " ind2=" ">
         <marc:subfield code="a">text file</marc:subfield>
         <marc:subfield code="2">rdaft</marc:subfield>
      </marc:datafield>
      <marc:datafield tag="347" ind1=" " ind2=" ">
         <marc:subfield code="b">PDF</marc:subfield>
      </marc:datafield>
      <marc:datafield tag="538" ind1=" " ind2=" ">
         <marc:subfield code="a">System requirements: Adobe Reader or other PDF viewer.</marc:subfield>
      </marc:datafield>
      <marc:datafield tag="588" ind1=" " ind2=" ">
         <marc:subfield code="a">Description based on online resource; title from PDF title page.</marc:subfield>
      </marc:datafield>
      <marc:datafield tag="500" ind1=" " ind2=" ">
         <marc:subfield code="a">Extent pagination is PDF page count.</marc:subfield>
      </marc:datafield>
      <marc:datafield tag="500" ind1=" " ind2=" ">
         <marc:subfield code="a">Advisory committee: John E. Kelsay, Professor Directing Dissertation; George S. Williamson, University Representative; Martin T. Kavka, Committee Member; Aline H. Kalbian, Committee Member.</marc:subfield>
      </marc:datafield>
      <marc:datafield tag="500" ind1=" " ind2=" ">
         <marc:subfield code="a">A Dissertation submitted to the Department of Religion in partial fulfillment of the requirements for the degree of Doctor of Philosophy.</marc:subfield>
      </marc:datafield>
      <marc:datafield tag="500" ind1=" " ind2=" ">
         <marc:subfield code="a">Date of Defense: March 21, 2022.</marc:subfield>
      </marc:datafield>
      <marc:datafield tag="500" ind1=" " ind2=" ">
         <marc:subfield code="a">Keywords: Historicism, History of Religions, Liberal Theology, Religionswissenschaft, Religious Ethics, Troeltsch.</marc:subfield>
      </marc:datafield>
      <marc:datafield tag="502" ind1=" " ind2=" ">
         <marc:subfield code="b">Ph.D.</marc:subfield>
         <marc:subfield code="c">Florida State University</marc:subfield>
         <marc:subfield code="d">2022.</marc:subfield>
      </marc:datafield>
      <marc:datafield tag="520" ind1="3" ind2=" ">
         <marc:subfield code="a">The present study revisits both historically and analytically the work of Ernst Troeltsch (1865–1923), centering its interpretive lens primarily around his various theoretical and methodological contributions to Religionswissenschaft. Roughly analogous to what we today would call or recognize as the wide-ranging and arguably loosely-knit field of religious studies, Troeltsch’s approach to Religionswissenschaft was an expression of foundational epistemological debates that affected the entire disciplinary matrix of the emerging cultural (Kultur-) or human sciences (Geisteswissenschaften). Troeltsch transcribed how the study of religion had reoccupied deep philosophical issues connected to the eighteenth-century question of the relationship between the Enlightenment ideal of Reason and the traditional or premodern theistic self-understanding of Western civilization. The dissolution of the dogmatic Christian worldview and its adjoining conception of Church authority was the starting-point for Troeltsch’s multipronged justification of Religion as a viable category. The autonomy of scientific socio-historical inquiry meant that the operative “theoretical horizon” of the History-of-Religions School had turned “comparative” while being irreversibly “expanded to include the totality of human religions”; Troeltsch’s liberal theology would also have to forego conversation-stopping appeals to “supernatural revelation” (übernatürlichen Offenbarung) (1991b, 87–88). Troeltsch’s framework for Religionswissenschaft matured during the late nineteenth century and through the First World War. He was an early twentieth-century heir of German Idealism, suffering through a generational post-Hegelian philosophical malaise that culminated in collective fears about civilizational anomie, a crisis of values and meaning. Troeltsch interpreted Nietzsche’s madman prophecies about the death of God—viz., the onset of European Nihilismus and the “overcoming” (Überwindung) of Christian metaphysics, morality, and culture by means of a triumphant will-to-power—as a condensed symbol and direct assault on both Enlightenment rationalism and Western religious consciousness. Haunted by Relativismus (both ethical and epistemological), Troeltsch’s socio-cultural writings on the conflict-ridden modern “spirit” (Geist) had a taste for melodramatic mandarin themes of spiritual bankruptcy and cultural collapse. Sadly, the tragic course of historical events would prove that he was no alarmist: Troeltsch presciently foresaw that this profound irrationalist deformation in German philosophy was linked to a budding propensity for post-truth barbaric statolatry. Troeltsch retraced these cultural anxieties, which were aggravated by the dizzying pace of accelerated social change, to the modern scientific disenchantment of the cosmos and its heightened sense of “historical consciousness” (historische Bewußtsein)—defined loosely as a deepening insight into the plurality of worldviews and the contingency of religious reasons, cultural values, and practical forms of rationality. Troeltsch wrote seriously about “Die Krisis des Historismus” (1922) as an epistemological and cultural problem, and he fully integrated this concern into his thinking about Religionswissenschaft, Kulturgeschichte, and the post-WWI future of Europäismus. Troeltsch finalized his career in Berlin as a prestigious philosopher of culture dedicated to building a democratic Weimar Republic, critiquing nationalist power politics, and situating Christian liberal theology and ethics within the broader socio-historical discourse of comparative Weltreligionen. Analytic respect for the content of Troeltsch’s constructive project reveals systematicity and coherence. Regarding the nature of historical consciousness and its relationship to religious consciousness, the foundational concerns of Religionswissenschaft steered Troeltsch headlong into many longstanding and definitive problems within the Western philosophical tradition. “The systematic study of religion,” Troeltsch summarized in 1922, exhibits its greatest depth and power in the way it summons the mind to confront the antinomy of “metaphysics and history,” placing “both sets of problems in intimate crossfertilization” (1991b, 366). The constructive portion of Troeltsch’s Religionswissenschaft settled on critical idealism, a Baden Neo-Kantian conception of transcendental freedom and rationality that made ample room for faith while limiting philosophy’s traditional metaphysical ambitions. Hegel’s ontological excesses and theological oversteps rendered his teleological philosophy of history into a crude self-glorification fantasy, but Troeltsch found it important not to throw the idealist baby out with the Absolutist bathwater. Functioning as a Neo-Kantian “value theory” (Werttheorie), Troeltsch’s Religionswissenschaft offered an epistemology and philosophy of culture which presupposed a normative conception of rationality that seeks out universal validity in its basic ends or value-orientations. Moreover, Troeltsch’s philosophy of religion reincorporated Schleiermacher’s mystical notion of “religious consciousness” (religiöse Bewußtsein) right into the very heart of Kant’s tripartite economy of practical reason—that is, operative within and underlying rationality in its self-legislating theoretical, moral, and aesthetic forms. Troeltsch believed it was necessary to be suspicious and critical toward all concrete claims of Absoluteness, but idealism’s obsession with the problem of normative rationality and its relation to das Absolute could not be completely vanquished or pragmatically deflated. Troeltsch’s Werttheorie operates formally as a species of epistemological transcendentalism, holding that autonomous and valid ideals provide some sort of a priori bulwark against historicist relativism in its many guises (1999, 45). Troeltsch ultimately endorsed Platonismus—an ontologically grounded metaphysics of value—and theistic Personalismus. These overbeliefs carried him beyond the sphere of Religionswissenschaft proper, but Troeltsch nevertheless saw the scientific discipline as being compatible with a liberal and non-dogmatic Christian lifeworld (Lebenswelt) and faith (Glaubenslehre).</marc:subfield>
      </marc:datafield>
      <marc:datafield tag="504" ind1=" " ind2=" ">
         <marc:subfield code="a">Includes bibliographical references.</marc:subfield>
      </marc:datafield>
      <marc:datafield tag="650" ind1=" " ind2="0">
         <marc:subfield code="a">Ethics</marc:subfield>
      </marc:datafield>
      <marc:datafield tag="650" ind1=" " ind2="0">
         <marc:subfield code="a">Religion</marc:subfield>
         <marc:subfield code="x">Philosophy</marc:subfield>
      </marc:datafield>
      <marc:datafield tag="650" ind1=" " ind2="0">
         <marc:subfield code="a">Theology</marc:subfield>
      </marc:datafield>
      <marc:datafield tag="655" ind1=" " ind2="7">
         <marc:subfield code="a">Electronic Thesis or Dissertation.</marc:subfield>
         <marc:subfield code="2">dct</marc:subfield>
      </marc:datafield>
      <marc:datafield tag="690" ind1=" " ind2="7">
         <marc:subfield code="a">FSU Dissertations.</marc:subfield>
         <marc:subfield code="2">local</marc:subfield>
         <marc:subfield code="9">LOCAL</marc:subfield>
      </marc:datafield>
      <marc:datafield tag="710" ind1="2" ind2=" ">
         <marc:subfield code="a">Florida State University.</marc:subfield>
         <marc:subfield code="e">degree granting institution.</marc:subfield>
         <marc:subfield code="0">http://id.loc.gov/authorities/names/n80126238</marc:subfield>
      </marc:datafield>
      <marc:datafield tag="856" ind1="4" ind2="0">
         <marc:subfield code="3">DigiNole</marc:subfield>
         <marc:subfield code="u">https://purl.lib.fsu.edu/diginole/2022_Harry_fsu_0071E_17030</marc:subfield>
         <marc:subfield code="y">Connect to online content:</marc:subfield>
      </marc:datafield>
      <marc:datafield tag="796" ind1="1" ind2=" ">
         <marc:subfield code="a">Kelsay, John,</marc:subfield>
         <marc:subfield code="d">1953-</marc:subfield>
         <marc:subfield code="e">professor directing dissertation</marc:subfield>
         <marc:subfield code="9">LOCAL</marc:subfield>
      </marc:datafield>
      <marc:datafield tag="796" ind1="1" ind2=" ">
         <marc:subfield code="a">Williamson, George S.,</marc:subfield>
         <marc:subfield code="e">university representative</marc:subfield>
         <marc:subfield code="9">LOCAL</marc:subfield>
      </marc:datafield>
      <marc:datafield tag="796" ind1="1" ind2=" ">
         <marc:subfield code="a">Kavka, Martin,</marc:subfield>
         <marc:subfield code="e">committee member</marc:subfield>
         <marc:subfield code="9">LOCAL</marc:subfield>
      </marc:datafield>
      <marc:datafield tag="796" ind1="1" ind2=" ">
         <marc:subfield code="a">Kalbian, Aline H.,</marc:subfield>
         <marc:subfield code="d">1954-</marc:subfield>
         <marc:subfield code="e">committee member</marc:subfield>
         <marc:subfield code="9">LOCAL</marc:subfield>
      </marc:datafield>
      <marc:datafield tag="797" ind1="2" ind2=" ">
         <marc:subfield code="a">Florida State University.</marc:subfield>
         <marc:subfield code="b">Department of Religion.</marc:subfield>
         <marc:subfield code="9">LOCAL</marc:subfield>
      </marc:datafield>
      <marc:datafield tag="904" ind1=" " ind2=" ">
         <marc:subfield code="a">0</marc:subfield>
         <marc:subfield code="9">LOCAL</marc:subfield>
      </marc:datafield>
   </marc:record>