
   <marc:record>
      <marc:leader>     nam  22      i 4500</marc:leader>
      <marc:controlfield tag="006">m     o  d        </marc:controlfield>
      <marc:controlfield tag="007">cr |||||||||||</marc:controlfield>
      <marc:controlfield tag="008">      s2022    flu     obm   000 0 eng d</marc:controlfield>
      <marc:datafield tag="040" ind1=" " ind2=" ">
         <marc:subfield code="a">FDA</marc:subfield>
         <marc:subfield code="b">eng</marc:subfield>
         <marc:subfield code="e">rda</marc:subfield>
         <marc:subfield code="c">FDA</marc:subfield>
      </marc:datafield>
      <marc:datafield tag="050" ind1=" " ind2="4">
         <marc:subfield code="a">TA404.2</marc:subfield>
      </marc:datafield>
      <marc:datafield tag="100" ind1="1" ind2=" ">
         <marc:subfield code="a">Hossain, S. Imam,</marc:subfield>
         <marc:subfield code="e">author</marc:subfield>
      </marc:datafield>
      <marc:datafield tag="245" ind1="1" ind2="0">
         <marc:subfield code="a">Understanding the Role of Wire Architecture in Determining the Critical Current Performance of Bi-2212 Round Wire /</marc:subfield>
         <marc:subfield code="c">by S. Imam Hossain</marc:subfield>
      </marc:datafield>
      <marc:datafield tag="264" ind1=" " ind2="1">
         <marc:subfield code="a">Tallahassee, Florida :</marc:subfield>
         <marc:subfield code="b">Florida State University,</marc:subfield>
         <marc:subfield code="c">2022</marc:subfield>
      </marc:datafield>
      <marc:datafield tag="300" ind1=" " ind2=" ">
         <marc:subfield code="a">1 online resource (110 pages)</marc:subfield>
      </marc:datafield>
      <marc:datafield tag="336" ind1=" " ind2=" ">
         <marc:subfield code="a">text</marc:subfield>
         <marc:subfield code="b">txt</marc:subfield>
         <marc:subfield code="2">rdacontent</marc:subfield>
      </marc:datafield>
      <marc:datafield tag="337" ind1=" " ind2=" ">
         <marc:subfield code="a">computer</marc:subfield>
         <marc:subfield code="b">c</marc:subfield>
         <marc:subfield code="2">rdamedia</marc:subfield>
      </marc:datafield>
      <marc:datafield tag="338" ind1=" " ind2=" ">
         <marc:subfield code="a">online resource</marc:subfield>
         <marc:subfield code="b">cr</marc:subfield>
         <marc:subfield code="2">rdacarrier</marc:subfield>
      </marc:datafield>
      <marc:datafield tag="347" ind1=" " ind2=" ">
         <marc:subfield code="a">text file</marc:subfield>
         <marc:subfield code="2">rdaft</marc:subfield>
      </marc:datafield>
      <marc:datafield tag="347" ind1=" " ind2=" ">
         <marc:subfield code="b">PDF</marc:subfield>
      </marc:datafield>
      <marc:datafield tag="538" ind1=" " ind2=" ">
         <marc:subfield code="a">System requirements: Adobe Reader or other PDF viewer.</marc:subfield>
      </marc:datafield>
      <marc:datafield tag="588" ind1=" " ind2=" ">
         <marc:subfield code="a">Description based on online resource; title from PDF title page.</marc:subfield>
      </marc:datafield>
      <marc:datafield tag="500" ind1=" " ind2=" ">
         <marc:subfield code="a">Extent pagination is PDF page count.</marc:subfield>
      </marc:datafield>
      <marc:datafield tag="500" ind1=" " ind2=" ">
         <marc:subfield code="a">Advisory committee: Eric Hellstrom, Professor Directing Dissertation; Vincent Salters, University Representative; David Larbalestier, Committee Member; Theo Siegrist, Committee Member; Michael Shatruk, Committee Member.</marc:subfield>
      </marc:datafield>
      <marc:datafield tag="500" ind1=" " ind2=" ">
         <marc:subfield code="a">A Dissertation submitted to the Program in Materials Science and Engineering in partial fulfillment of the requirements for the degree of Doctor of Philosophy.</marc:subfield>
      </marc:datafield>
      <marc:datafield tag="500" ind1=" " ind2=" ">
         <marc:subfield code="a">Date of Defense: March 30, 2022.</marc:subfield>
      </marc:datafield>
      <marc:datafield tag="502" ind1=" " ind2=" ">
         <marc:subfield code="b">Ph.D.</marc:subfield>
         <marc:subfield code="c">Florida State University</marc:subfield>
         <marc:subfield code="d">2022.</marc:subfield>
      </marc:datafield>
      <marc:datafield tag="520" ind1="3" ind2=" ">
         <marc:subfield code="a">Bi2Sr2CaCu2Ox (Bi-2212) round wire is one of the most promising candidates for high field magnet applications. The round wire geometry is preferred by the magnet designers as it shows isotropic superconducting properties independent of the direction of the applied magnetic field. The wire is multifilamentary and can be twisted, which ensures low screening current and AC loss. Over the last decade, significant advancement has been made in Bi-2212 conductor and coil technology. The advent of overpressure processing and improvement of powder quality have significantly improved the critical current density (Jc) of the wire while development of insulation and mechanical reinforcement of the coil winding pack have brought Bi-2212 on the verge of commercial applications. However, there are still areas that needs further development and better understanding. I have worked on some of those issues during my PhD.As part of this thesis, I have worked on TiO2 insulation of Bi-2212 wire. When the TiO2 insulation was developed, it was thought to be great replacement for the alumino-silicate insulation as it is much thinner (15-30 µm compared to 150 µm thickness of alumino-silicate), chemically compatible with the sheath and Bi-2212 and allows oxygen transfer during the heat treatment through the cracks and porosity present in TiO2 layer. However, attempts to use TiO2 as single layer insulation in a large test coil in our lab resulted in severe Ag protrusion through the insulation layer which electrically shorted the winding pack. We have found that, the application of overpressure and the uneven distribution of MgO particles in the sheath, which led to local difference in mechanical properties of the sheath, was responsible for the Ag protrusion for the wire used in that particular coil. The Ag protrusions were found to be depleted of the MgO particle and as a result, was squeezed through the TiO2 layer when the wire shrinked under the application of overpressure. However, later, when we studied 9 different wires from different time period, we found that Ag protrusions are not universal and most of the wires do not show any protrusion through the sheath. Different possible current limiting factors in Bi-2212 round wire was also investigated. Evidence of filament area variation along the length (sausaging) was found in as-received Bi-2212 wires (before heat treatment). This sausaging occurs from the wire drawing procees and some of the filaments showed a variation as high as 50% along the wire length in as received state. This type of sausaging is possibly a significant current limiting factor in Bi-2212 wire. The filament area variation along the length further deteriorates during the heat treatment with increased time spent in the melt state (tmelt). This area fluctuations in the melt state happen due to Raleigh instability and is more significant for smaller filaments. As a result, the performance of wires with smaller filaments were found to be more dependent on tmelt compared to larger filaments. The formation of interfilament bonds and their role in controlling the Jc of Bi-2212 round wire was examined. For years, the so-called type A interfilament bonding, which occur when the superconductor is in melt state and increases with increased tmelt and decreased interfilament separation, was believed to be the underlying reason for tmelt dependence of Jc. However, the mechanism of how the interfilament bonding impacts Jc was not fully understood. In my research, I have found that interfilament bonding significantly increase the Rayleigh instability driven area fluctuations in Bi-2212 filament cross-sections during the melt state. The larger bonded region grows at the expense of nearby unbonded regions to reduce the interfacial energy and create bottlenecks which is a possible reason for Jc dependence on the amount of type A bonding. This fluctuation is higher in wires with smaller interfilament separation, i.e. higher interfilament bonding, and filaments can undergo large area fluctuation and eventual pinch-off along the length with increased tmelt. We have also investigated the impact of filament size on the Jc of Bi-2212 wires. Our results show that the texture of Bi-2212 grains possibly depends on the filament size and decreased filament size can potentially lead to better aligned grains and higher Jc in bi-2212 round wires.</marc:subfield>
      </marc:datafield>
      <marc:datafield tag="504" ind1=" " ind2=" ">
         <marc:subfield code="a">Includes bibliographical references.</marc:subfield>
      </marc:datafield>
      <marc:datafield tag="650" ind1=" " ind2="0">
         <marc:subfield code="a">Materials science</marc:subfield>
      </marc:datafield>
      <marc:datafield tag="655" ind1=" " ind2="7">
         <marc:subfield code="a">Electronic Thesis or Dissertation.</marc:subfield>
         <marc:subfield code="2">dct</marc:subfield>
      </marc:datafield>
      <marc:datafield tag="690" ind1=" " ind2="7">
         <marc:subfield code="a">FSU Dissertations.</marc:subfield>
         <marc:subfield code="2">local</marc:subfield>
         <marc:subfield code="9">LOCAL</marc:subfield>
      </marc:datafield>
      <marc:datafield tag="710" ind1="2" ind2=" ">
         <marc:subfield code="a">Florida State University.</marc:subfield>
         <marc:subfield code="e">degree granting institution.</marc:subfield>
         <marc:subfield code="0">http://id.loc.gov/authorities/names/n80126238</marc:subfield>
      </marc:datafield>
      <marc:datafield tag="856" ind1="4" ind2="0">
         <marc:subfield code="3">DigiNole</marc:subfield>
         <marc:subfield code="u">https://purl.lib.fsu.edu/diginole/2022_HOSSAIN_fsu_0071E_17130</marc:subfield>
         <marc:subfield code="y">Connect to online content:</marc:subfield>
      </marc:datafield>
      <marc:datafield tag="796" ind1="1" ind2=" ">
         <marc:subfield code="a">Hellstrom, Eric,</marc:subfield>
         <marc:subfield code="e">professor directing dissertation</marc:subfield>
         <marc:subfield code="9">LOCAL</marc:subfield>
      </marc:datafield>
      <marc:datafield tag="796" ind1="1" ind2=" ">
         <marc:subfield code="a">Salters, Vincent J. M.,</marc:subfield>
         <marc:subfield code="e">university representative</marc:subfield>
         <marc:subfield code="9">LOCAL</marc:subfield>
      </marc:datafield>
      <marc:datafield tag="796" ind1="1" ind2=" ">
         <marc:subfield code="a">Larbalestier, D.</marc:subfield>
         <marc:subfield code="q">(David),</marc:subfield>
         <marc:subfield code="e">committee member</marc:subfield>
         <marc:subfield code="9">LOCAL</marc:subfield>
      </marc:datafield>
      <marc:datafield tag="796" ind1="1" ind2=" ">
         <marc:subfield code="a">Siegrist, Theo,</marc:subfield>
         <marc:subfield code="e">committee member</marc:subfield>
         <marc:subfield code="9">LOCAL</marc:subfield>
      </marc:datafield>
      <marc:datafield tag="796" ind1="1" ind2=" ">
         <marc:subfield code="a">Shatruk, Mykhailo,</marc:subfield>
         <marc:subfield code="e">committee member</marc:subfield>
         <marc:subfield code="9">LOCAL</marc:subfield>
      </marc:datafield>
      <marc:datafield tag="797" ind1="2" ind2=" ">
         <marc:subfield code="a">Florida State University.</marc:subfield>
         <marc:subfield code="b">Program in Materials Science and Engineering.</marc:subfield>
         <marc:subfield code="9">LOCAL</marc:subfield>
      </marc:datafield>
      <marc:datafield tag="904" ind1=" " ind2=" ">
         <marc:subfield code="a">0</marc:subfield>
         <marc:subfield code="9">LOCAL</marc:subfield>
      </marc:datafield>
   </marc:record>