
   <marc:record>
      <marc:leader>     nam  22      i 4500</marc:leader>
      <marc:controlfield tag="006">m     o  d        </marc:controlfield>
      <marc:controlfield tag="007">cr |||||||||||</marc:controlfield>
      <marc:controlfield tag="008">      s2021    flu     obm   000 0 eng d</marc:controlfield>
      <marc:datafield tag="040" ind1=" " ind2=" ">
         <marc:subfield code="a">FDA</marc:subfield>
         <marc:subfield code="b">eng</marc:subfield>
         <marc:subfield code="e">rda</marc:subfield>
         <marc:subfield code="c">FDA</marc:subfield>
      </marc:datafield>
      <marc:datafield tag="050" ind1=" " ind2="4">
         <marc:subfield code="a">LB3051</marc:subfield>
      </marc:datafield>
      <marc:datafield tag="100" ind1="1" ind2=" ">
         <marc:subfield code="a">Huang, Jiajing,</marc:subfield>
         <marc:subfield code="e">author</marc:subfield>
      </marc:datafield>
      <marc:datafield tag="245" ind1="1" ind2="2">
         <marc:subfield code="a">A Comparison of IRT Linking Approaches under the Nonequivalent Groups Anchor Test Design /</marc:subfield>
         <marc:subfield code="c">by Jiajing Huang</marc:subfield>
      </marc:datafield>
      <marc:datafield tag="264" ind1=" " ind2="1">
         <marc:subfield code="a">Tallahassee, Florida :</marc:subfield>
         <marc:subfield code="b">Florida State University,</marc:subfield>
         <marc:subfield code="c">2021</marc:subfield>
      </marc:datafield>
      <marc:datafield tag="300" ind1=" " ind2=" ">
         <marc:subfield code="a">1 online resource (142 pages)</marc:subfield>
      </marc:datafield>
      <marc:datafield tag="336" ind1=" " ind2=" ">
         <marc:subfield code="a">text</marc:subfield>
         <marc:subfield code="b">txt</marc:subfield>
         <marc:subfield code="2">rdacontent</marc:subfield>
      </marc:datafield>
      <marc:datafield tag="337" ind1=" " ind2=" ">
         <marc:subfield code="a">computer</marc:subfield>
         <marc:subfield code="b">c</marc:subfield>
         <marc:subfield code="2">rdamedia</marc:subfield>
      </marc:datafield>
      <marc:datafield tag="338" ind1=" " ind2=" ">
         <marc:subfield code="a">online resource</marc:subfield>
         <marc:subfield code="b">cr</marc:subfield>
         <marc:subfield code="2">rdacarrier</marc:subfield>
      </marc:datafield>
      <marc:datafield tag="347" ind1=" " ind2=" ">
         <marc:subfield code="a">text file</marc:subfield>
         <marc:subfield code="2">rdaft</marc:subfield>
      </marc:datafield>
      <marc:datafield tag="347" ind1=" " ind2=" ">
         <marc:subfield code="b">PDF</marc:subfield>
      </marc:datafield>
      <marc:datafield tag="538" ind1=" " ind2=" ">
         <marc:subfield code="a">System requirements: Adobe Reader or other PDF viewer.</marc:subfield>
      </marc:datafield>
      <marc:datafield tag="588" ind1=" " ind2=" ">
         <marc:subfield code="a">Description based on online resource; title from PDF title page.</marc:subfield>
      </marc:datafield>
      <marc:datafield tag="500" ind1=" " ind2=" ">
         <marc:subfield code="a">Extent pagination is PDF page count.</marc:subfield>
      </marc:datafield>
      <marc:datafield tag="500" ind1=" " ind2=" ">
         <marc:subfield code="a">Advisory committee: Yanyun Yang, Professor Directing Dissertation; Xufeng Niu, University Representative; Betsy J. Becker, Committee Member; Salih Binici, Committee Member; Qian Zhang, Committee Member.</marc:subfield>
      </marc:datafield>
      <marc:datafield tag="500" ind1=" " ind2=" ">
         <marc:subfield code="a">A Dissertation submitted to the Department of Educational Psychology and Learning Systems in partial fulfillment of the requirements for the degree of Doctor of Philosophy.</marc:subfield>
      </marc:datafield>
      <marc:datafield tag="500" ind1=" " ind2=" ">
         <marc:subfield code="a">Date of Defense: December 16, 2021.</marc:subfield>
      </marc:datafield>
      <marc:datafield tag="500" ind1=" " ind2=" ">
         <marc:subfield code="a">Keywords: IRT, linking, measurement.</marc:subfield>
      </marc:datafield>
      <marc:datafield tag="502" ind1=" " ind2=" ">
         <marc:subfield code="b">Ph.D.</marc:subfield>
         <marc:subfield code="c">Florida State University</marc:subfield>
         <marc:subfield code="d">2021.</marc:subfield>
      </marc:datafield>
      <marc:datafield tag="520" ind1="3" ind2=" ">
         <marc:subfield code="a">The nonequivalent-groups anchor-test (NEAT) data-collection design is commonly used in large-scale assessments. Under this design, different test groups take different test forms. Each test form has its own unique items and all test forms share a set of common items. If item response theory (IRT) models are applied to analyze the test data, the estimates of item parameters in different test forms and ability scores of different test groups may not be on the same scale because of the IRT property of scale indeterminacy. To compare the items in different forms and examinees in different test groups, a statistical procedure, linking, is needed to convert the item parameters and ability scores to a common scale. There are several IRT linking approaches under the NEAT design. Some of the approaches make use of the common (anchor) items shared by test forms and are referred to as common-item linking approaches. The often used common-item linking approaches under the NEAT design include concurrent calibration, separate calibration with moments-linking approaches (e.g., mean/mean and mean/sigma), and characteristic-curve linking approaches (e.g., Haebara approach and Stocking-Lord approach). All common-item linking approaches hold the same key assumption – that common items perform in the same way across different test forms, which means the common-item parameters are assumed to be invariant. When the common-item parameters are non-invariant, the results of common-item linking might be affected. The other type of linking approach studied in this dissertation, common-population linking, does not assume the invariance of common items. This linking approach makes use of one group’s ability distributions derived from different calibration runs to do linking, and assumes that the ability distributions of different test groups are the same in one of the steps involved. Under the NEAT design, the test groups possibly come from different populations, which means the equivalence assumption for group ability distributions might be violated. Violation of this assumption might threaten the accuracy of common-population linking results. Many studies have compared the performance of several popular common-item linking approaches under a variety of conditions. However, no study has compared the common-population linking approach with common-item linking approaches under the NEAT design. This study aimed to compare the performance of common-population linking and common-item linking approaches (specifically, concurrent calibration and separate calibration with Stocking-Lord linking approach) under some simulated conditions. The design factors included differences in ability distributions, parameter drift for some anchor (common) items, sample size, test length, and the numbers of anchor items. The simulated study findings showed that no one approach always outperformed the other two approaches across all conditions in the scenario that the scores of the focal group (taking the new form) were linked to the scale of the reference group (taking the old form). Generally, the type of parameter drift for anchor items impacted the performance of the Stocking-Lord and the concurrent calibration approaches, but even under conditions of drift, these two approaches still performed well. The concurrent calibration was more sensitive to sample size and the number of anchor items than the Stocking-Lord approach. For the common-population approach, when the ability distribution of the focal group had same mean and standard deviation as the reference group, this approach sometimes performed equally well or slightly better than the other two approaches. Once the two groups had different means and standard deviations, its performance was poor. In addition to a simulation study, empirical data from the Florida Standards Assessments (FSA) were used to demonstrate the applications of these approaches in a practical test setting. Florida Department of Education (FLDOE) applies separate calibrations with the Stocking-Lord linking approach. In this empirical study, concurrent calibration with nonequivalent groups and a common-population linking approach were applied and were compared with the original results generated from the FLDOE’s separate calibration with Stocking-Lord linking. Results showed that the scale scores from the concurrent calibration and the common-population linking correlated strongly with the original FSA scale scores. The linked item parameters from the two linking approaches were also similar to the corresponding ones on the FSA scale. In conclusion, when some anchor items had parameter drift and the two test groups had different ability distributions, the Stocking-Lord approach generally performed the best; the common-population approach performed the worst in the majority of simulated conditions except when its underlying assumption of equal ability distributions across groups was not violated.</marc:subfield>
      </marc:datafield>
      <marc:datafield tag="504" ind1=" " ind2=" ">
         <marc:subfield code="a">Includes bibliographical references.</marc:subfield>
      </marc:datafield>
      <marc:datafield tag="650" ind1=" " ind2="0">
         <marc:subfield code="a">Educational tests and measurements</marc:subfield>
      </marc:datafield>
      <marc:datafield tag="655" ind1=" " ind2="7">
         <marc:subfield code="a">Electronic Thesis or Dissertation.</marc:subfield>
         <marc:subfield code="2">dct</marc:subfield>
      </marc:datafield>
      <marc:datafield tag="690" ind1=" " ind2="7">
         <marc:subfield code="a">FSU Dissertations.</marc:subfield>
         <marc:subfield code="2">local</marc:subfield>
         <marc:subfield code="9">LOCAL</marc:subfield>
      </marc:datafield>
      <marc:datafield tag="710" ind1="2" ind2=" ">
         <marc:subfield code="a">Florida State University.</marc:subfield>
         <marc:subfield code="e">degree granting institution.</marc:subfield>
         <marc:subfield code="0">http://id.loc.gov/authorities/names/n80126238</marc:subfield>
      </marc:datafield>
      <marc:datafield tag="856" ind1="4" ind2="0">
         <marc:subfield code="3">DigiNole</marc:subfield>
         <marc:subfield code="u">https://purl.lib.fsu.edu/diginole/2022_Huang_fsu_0071E_16876</marc:subfield>
         <marc:subfield code="y">Connect to online content:</marc:subfield>
      </marc:datafield>
      <marc:datafield tag="796" ind1="1" ind2=" ">
         <marc:subfield code="a">Yang, Yanyun,</marc:subfield>
         <marc:subfield code="e">professor directing dissertation</marc:subfield>
         <marc:subfield code="9">LOCAL</marc:subfield>
      </marc:datafield>
      <marc:datafield tag="796" ind1="1" ind2=" ">
         <marc:subfield code="a">Niu, Xufeng,</marc:subfield>
         <marc:subfield code="d">1954-</marc:subfield>
         <marc:subfield code="e">university representative</marc:subfield>
         <marc:subfield code="9">LOCAL</marc:subfield>
      </marc:datafield>
      <marc:datafield tag="796" ind1="1" ind2=" ">
         <marc:subfield code="a">Becker, Betsy Jane,</marc:subfield>
         <marc:subfield code="d">1956-</marc:subfield>
         <marc:subfield code="e">committee member</marc:subfield>
         <marc:subfield code="9">LOCAL</marc:subfield>
      </marc:datafield>
      <marc:datafield tag="796" ind1="1" ind2=" ">
         <marc:subfield code="a">Binici, Salih,</marc:subfield>
         <marc:subfield code="d">1974-</marc:subfield>
         <marc:subfield code="e">committee member</marc:subfield>
         <marc:subfield code="9">LOCAL</marc:subfield>
      </marc:datafield>
      <marc:datafield tag="796" ind1="1" ind2=" ">
         <marc:subfield code="a">Zhang, Qian,</marc:subfield>
         <marc:subfield code="e">committee member</marc:subfield>
         <marc:subfield code="9">LOCAL</marc:subfield>
      </marc:datafield>
      <marc:datafield tag="797" ind1="2" ind2=" ">
         <marc:subfield code="a">Florida State University.</marc:subfield>
         <marc:subfield code="b">Department of Educational Psychology and Learning Systems.</marc:subfield>
         <marc:subfield code="9">LOCAL</marc:subfield>
      </marc:datafield>
      <marc:datafield tag="904" ind1=" " ind2=" ">
         <marc:subfield code="a">0</marc:subfield>
         <marc:subfield code="9">LOCAL</marc:subfield>
      </marc:datafield>
   </marc:record>