
   <marc:record>
      <marc:leader>     nam  22      i 4500</marc:leader>
      <marc:controlfield tag="006">m     o  d        </marc:controlfield>
      <marc:controlfield tag="007">cr |||||||||||</marc:controlfield>
      <marc:controlfield tag="008">      s2022    flu     obm   000 0 eng d</marc:controlfield>
      <marc:datafield tag="040" ind1=" " ind2=" ">
         <marc:subfield code="a">FDA</marc:subfield>
         <marc:subfield code="b">eng</marc:subfield>
         <marc:subfield code="e">rda</marc:subfield>
         <marc:subfield code="c">FDA</marc:subfield>
      </marc:datafield>
      <marc:datafield tag="050" ind1=" " ind2="4">
         <marc:subfield code="a">BJ</marc:subfield>
      </marc:datafield>
      <marc:datafield tag="100" ind1="1" ind2=" ">
         <marc:subfield code="a">Isern-Mas, Carme,</marc:subfield>
         <marc:subfield code="e">author</marc:subfield>
      </marc:datafield>
      <marc:datafield tag="245" ind1="1" ind2="0">
         <marc:subfield code="a">Friendship or Blame :</marc:subfield>
         <marc:subfield code="b">How to Publicly Respond When the Immoral Is Your Friend /</marc:subfield>
         <marc:subfield code="c">by Carme Isern-Mas</marc:subfield>
      </marc:datafield>
      <marc:datafield tag="264" ind1=" " ind2="1">
         <marc:subfield code="a">Tallahassee, Florida :</marc:subfield>
         <marc:subfield code="b">Florida State University,</marc:subfield>
         <marc:subfield code="c">2022</marc:subfield>
      </marc:datafield>
      <marc:datafield tag="300" ind1=" " ind2=" ">
         <marc:subfield code="a">1 online resource (36 pages)</marc:subfield>
      </marc:datafield>
      <marc:datafield tag="336" ind1=" " ind2=" ">
         <marc:subfield code="a">text</marc:subfield>
         <marc:subfield code="b">txt</marc:subfield>
         <marc:subfield code="2">rdacontent</marc:subfield>
      </marc:datafield>
      <marc:datafield tag="337" ind1=" " ind2=" ">
         <marc:subfield code="a">computer</marc:subfield>
         <marc:subfield code="b">c</marc:subfield>
         <marc:subfield code="2">rdamedia</marc:subfield>
      </marc:datafield>
      <marc:datafield tag="338" ind1=" " ind2=" ">
         <marc:subfield code="a">online resource</marc:subfield>
         <marc:subfield code="b">cr</marc:subfield>
         <marc:subfield code="2">rdacarrier</marc:subfield>
      </marc:datafield>
      <marc:datafield tag="347" ind1=" " ind2=" ">
         <marc:subfield code="a">text file</marc:subfield>
         <marc:subfield code="2">rdaft</marc:subfield>
      </marc:datafield>
      <marc:datafield tag="347" ind1=" " ind2=" ">
         <marc:subfield code="b">PDF</marc:subfield>
      </marc:datafield>
      <marc:datafield tag="538" ind1=" " ind2=" ">
         <marc:subfield code="a">System requirements: Adobe Reader or other PDF viewer.</marc:subfield>
      </marc:datafield>
      <marc:datafield tag="588" ind1=" " ind2=" ">
         <marc:subfield code="a">Description based on online resource; title from PDF title page.</marc:subfield>
      </marc:datafield>
      <marc:datafield tag="500" ind1=" " ind2=" ">
         <marc:subfield code="a">Extent pagination is PDF page count.</marc:subfield>
      </marc:datafield>
      <marc:datafield tag="500" ind1=" " ind2=" ">
         <marc:subfield code="a">Advisory committee: Randolph K. Clarke, Professor Directing Thesis; Andrea Carol Westlund, Committee Member; Marcela Herdova, Committee Member.</marc:subfield>
      </marc:datafield>
      <marc:datafield tag="500" ind1=" " ind2=" ">
         <marc:subfield code="a">A Thesis submitted to the Department of Philosophy in partial fulfillment of the requirements for the degree of Master of Arts.</marc:subfield>
      </marc:datafield>
      <marc:datafield tag="500" ind1=" " ind2=" ">
         <marc:subfield code="a">Date of Defense: April 8, 2022.</marc:subfield>
      </marc:datafield>
      <marc:datafield tag="500" ind1=" " ind2=" ">
         <marc:subfield code="a">Keywords: blame, condonation, friendship, public sphere, silencing, third-party.</marc:subfield>
      </marc:datafield>
      <marc:datafield tag="502" ind1=" " ind2=" ">
         <marc:subfield code="b">M.A.</marc:subfield>
         <marc:subfield code="c">Florida State University</marc:subfield>
         <marc:subfield code="d">2022.</marc:subfield>
      </marc:datafield>
      <marc:datafield tag="520" ind1="3" ind2=" ">
         <marc:subfield code="a">Given a friend who has committed a grave moral transgression against someone else, how should one react to them in the public sphere? In this paper, I focus on cases of unacknowledged, grave transgressions with a human victim, involving public figures. Based on the impact of expressions of blame and expressions of friendship in the public sphere, I argue that in the public sphere one should not show friendship with a moral transgressor; instead, one should publicly blame their friend. The kind of blame at stake in these cases is expressed, third-party blame, that is, blame expressed by someone who is neither the victim nor the transgressor of the wrong at stake. I conduct my argument through three steps. First, I argue that expressions of friendship are incompatible with public expressions of blame in the public sphere because they convey incompatible public meanings to those outside the relationship. When we show publicly that we are friends with someone we make an implicitly normative assessment. As we tend to be friends with those who we value, when someone has friends, we interpret that person as being valued. On the other hand, expressing third-party blame conveys the message that the blamed person deserves retribution, revision of our relationships with them, or being held accountable, among others. This message seems to be at odds with the message that is conveyed through expressions of friendship. Secondly, after making the case that expressions of friendship might be perceived as expressions of support in some contexts, I argue that we should not express friendship with a wrongdoer in the public sphere because: (1) it might convey condonation; (2) it might generate testimonial injustice for the victims; and (3) it might serve to silence the victims. In reply to an objection from the supporting nature of friendship, which claims that friends should support each other especially in hard circumstances, I notice that my claim does not prevent private expression of friendship. My only concern has to do with the impact of expressions of friendship when performed in public, and hence perceived by bystanders and the victim. Thirdly, I argue that, given a friend who has committed a moral transgression outside the relationship of friendship, we should express third-party blame to them in the public sphere. In favour of this path of action, I provide four reasons. First, because it conveys the message to our friend, and to the moral community that we find that behaviour blameworthy, and that we condemn it. Second, because it expresses support to the victim. Third, because it conveys the message to the moral community that, in similar situations, we support the claims of other presumed victims, and that we condemn the behaviours of other presumed transgressors. And fourth, because it conveys the message that such behaviour should not be part of those behaviours that we normatively expect from each other. Finally, I reply to the objection from the business condition, that is, the claim that expressing third-party blame might be an instance of meddlesome blame. I rebut this objection by appealing to the privileged position that a friend might hold in relation to another friend and appealing to the position of that friend as a member of the moral community. Finally, I reply to three anticipated objections: the charge of judgmentalism, the objection that expressions of blame and of friendship are compatible, and the objection from disagreement. In response to the charge of judgmentalism, I have rejected this charge in cases involving friends, or severe moral transgressions; in response to the objection that expressions of blame and of friendship are compatible, I have argued that my argument works even though one rejects the incompatibility claim; and, finally, in response to the objection from disagreement, I have acknowledged it as a strategic assumption in my theoretical framework.</marc:subfield>
      </marc:datafield>
      <marc:datafield tag="504" ind1=" " ind2=" ">
         <marc:subfield code="a">Includes bibliographical references.</marc:subfield>
      </marc:datafield>
      <marc:datafield tag="650" ind1=" " ind2="0">
         <marc:subfield code="a">Ethics</marc:subfield>
      </marc:datafield>
      <marc:datafield tag="650" ind1=" " ind2="0">
         <marc:subfield code="a">Philosophy</marc:subfield>
      </marc:datafield>
      <marc:datafield tag="655" ind1=" " ind2="7">
         <marc:subfield code="a">Electronic Thesis or Dissertation.</marc:subfield>
         <marc:subfield code="2">dct</marc:subfield>
      </marc:datafield>
      <marc:datafield tag="690" ind1=" " ind2="7">
         <marc:subfield code="a">FSU Dissertations.</marc:subfield>
         <marc:subfield code="2">local</marc:subfield>
         <marc:subfield code="9">LOCAL</marc:subfield>
      </marc:datafield>
      <marc:datafield tag="710" ind1="2" ind2=" ">
         <marc:subfield code="a">Florida State University.</marc:subfield>
         <marc:subfield code="e">degree granting institution.</marc:subfield>
         <marc:subfield code="0">http://id.loc.gov/authorities/names/n80126238</marc:subfield>
      </marc:datafield>
      <marc:datafield tag="856" ind1="4" ind2="0">
         <marc:subfield code="3">DigiNole</marc:subfield>
         <marc:subfield code="u">https://purl.lib.fsu.edu/diginole/2022_IsernMas_fsu_0071N_17196</marc:subfield>
         <marc:subfield code="y">Connect to online content:</marc:subfield>
      </marc:datafield>
      <marc:datafield tag="796" ind1="1" ind2=" ">
         <marc:subfield code="a">Clarke, Randolph K.,</marc:subfield>
         <marc:subfield code="e">professor directing thesis</marc:subfield>
         <marc:subfield code="9">LOCAL</marc:subfield>
      </marc:datafield>
      <marc:datafield tag="796" ind1="1" ind2=" ">
         <marc:subfield code="a">Westlund, Andrea C.</marc:subfield>
         <marc:subfield code="q">(Andrea Carol),</marc:subfield>
         <marc:subfield code="e">committee member</marc:subfield>
         <marc:subfield code="9">LOCAL</marc:subfield>
      </marc:datafield>
      <marc:datafield tag="797" ind1="2" ind2=" ">
         <marc:subfield code="a">Florida State University.</marc:subfield>
         <marc:subfield code="b">Department of Philosophy.</marc:subfield>
         <marc:subfield code="9">LOCAL</marc:subfield>
      </marc:datafield>
      <marc:datafield tag="904" ind1=" " ind2=" ">
         <marc:subfield code="a">0</marc:subfield>
         <marc:subfield code="9">LOCAL</marc:subfield>
      </marc:datafield>
   </marc:record>