
   <marc:record>
      <marc:leader>     nam  22      i 4500</marc:leader>
      <marc:controlfield tag="006">m     o  d        </marc:controlfield>
      <marc:controlfield tag="007">cr |||||||||||</marc:controlfield>
      <marc:controlfield tag="008">      s2022    flu     obm   000 0 eng d</marc:controlfield>
      <marc:datafield tag="040" ind1=" " ind2=" ">
         <marc:subfield code="a">FDA</marc:subfield>
         <marc:subfield code="b">eng</marc:subfield>
         <marc:subfield code="e">rda</marc:subfield>
         <marc:subfield code="c">FDA</marc:subfield>
      </marc:datafield>
      <marc:datafield tag="050" ind1=" " ind2="4">
         <marc:subfield code="a">TA160</marc:subfield>
      </marc:datafield>
      <marc:datafield tag="100" ind1="1" ind2=" ">
         <marc:subfield code="a">Karaer, Alican,</marc:subfield>
         <marc:subfield code="e">author</marc:subfield>
      </marc:datafield>
      <marc:datafield tag="245" ind1="1" ind2="0">
         <marc:subfield code="a">Traffic Data on-the-fly :</marc:subfield>
         <marc:subfield code="b">Image-Based Big Data Analytics for Resilient and Connected Communities /</marc:subfield>
         <marc:subfield code="c">by Alican Karaer</marc:subfield>
      </marc:datafield>
      <marc:datafield tag="264" ind1=" " ind2="1">
         <marc:subfield code="a">Tallahassee, Florida :</marc:subfield>
         <marc:subfield code="b">Florida State University,</marc:subfield>
         <marc:subfield code="c">2022</marc:subfield>
      </marc:datafield>
      <marc:datafield tag="300" ind1=" " ind2=" ">
         <marc:subfield code="a">1 online resource (172 pages)</marc:subfield>
      </marc:datafield>
      <marc:datafield tag="336" ind1=" " ind2=" ">
         <marc:subfield code="a">text</marc:subfield>
         <marc:subfield code="b">txt</marc:subfield>
         <marc:subfield code="2">rdacontent</marc:subfield>
      </marc:datafield>
      <marc:datafield tag="337" ind1=" " ind2=" ">
         <marc:subfield code="a">computer</marc:subfield>
         <marc:subfield code="b">c</marc:subfield>
         <marc:subfield code="2">rdamedia</marc:subfield>
      </marc:datafield>
      <marc:datafield tag="338" ind1=" " ind2=" ">
         <marc:subfield code="a">online resource</marc:subfield>
         <marc:subfield code="b">cr</marc:subfield>
         <marc:subfield code="2">rdacarrier</marc:subfield>
      </marc:datafield>
      <marc:datafield tag="347" ind1=" " ind2=" ">
         <marc:subfield code="a">text file</marc:subfield>
         <marc:subfield code="2">rdaft</marc:subfield>
      </marc:datafield>
      <marc:datafield tag="347" ind1=" " ind2=" ">
         <marc:subfield code="b">PDF</marc:subfield>
      </marc:datafield>
      <marc:datafield tag="538" ind1=" " ind2=" ">
         <marc:subfield code="a">System requirements: Adobe Reader or other PDF viewer.</marc:subfield>
      </marc:datafield>
      <marc:datafield tag="588" ind1=" " ind2=" ">
         <marc:subfield code="a">Description based on online resource; title from PDF title page.</marc:subfield>
      </marc:datafield>
      <marc:datafield tag="500" ind1=" " ind2=" ">
         <marc:subfield code="a">Extent pagination is PDF page count.</marc:subfield>
      </marc:datafield>
      <marc:datafield tag="500" ind1=" " ind2=" ">
         <marc:subfield code="a">Advisory committee: Eren Erman Ozguven, Professor Directing Dissertation; Omer Arda Vanli, University Representative; Ren Moses, Committee Member; John O. Sobanjo, Committee Member; Lichun Li, Committee Member.</marc:subfield>
      </marc:datafield>
      <marc:datafield tag="500" ind1=" " ind2=" ">
         <marc:subfield code="a">A Dissertation submitted to the Department of Civil and Environmental Engineering in partial fulfillment of the requirements for the degree of Doctor of Philosophy.</marc:subfield>
      </marc:datafield>
      <marc:datafield tag="500" ind1=" " ind2=" ">
         <marc:subfield code="a">Date of Defense: March 3, 2022.</marc:subfield>
      </marc:datafield>
      <marc:datafield tag="502" ind1=" " ind2=" ">
         <marc:subfield code="b">Ph.D.</marc:subfield>
         <marc:subfield code="c">Florida State University</marc:subfield>
         <marc:subfield code="d">2022.</marc:subfield>
      </marc:datafield>
      <marc:datafield tag="520" ind1="3" ind2=" ">
         <marc:subfield code="a">Applying 21st century machine intelligence to the evolving transportation management systems is under detailed investigation all around the world. The major goals of this investigation are quite noble and multifaceted including safety, mobility, resilience, energy conservation, and emission reduction. Computer vision and remote sensing are playing an integral role in this evolution contributing toward the smart, connected, and resilient transportation infrastructure systems. Considering the variety of imagery data sources (i.e., satellites, CCTV, drones) and their unique advantages and challenges, there is a need to conduct detailed research on using imagery with a specific focus on transportation big data analytics. Thus, this dissertation aims to use various imagery data with remote sensing applications combined with deep learning techniques and Geographic Information System (GIS)-based spatial and statistical analyses to provide end-to-end solutions and tackle challenging problems in transportation engineering and disaster resilience. Parallel with this goal, several case studies are conducted using variety of imagery sources and providing solutions to different aspects of transportation infrastructure.First, satellite imagery was used to evaluate the relationship between air pollution and vehicle traffic in the wake of COVID-19. The COVID-19 outbreak and ensuing social distancing behaviors resulted in a substantial reduction in traffic, making this a unique experiment on observing the air quality. Such an experiment is also supplemental to the smart city concept as it can help to identify whether there is a delay in air quality improvement during or after a sharp decline in traffic and to determine what, if any, factors are contributing to that time lag. As such, this case study investigated the immediate impacts of COVID-19 causing abrupt declines in traffic and Nitrogen Dioxide (NO¬¬2) concentrations in all Florida Counties through March 2020. Daily tropospheric NO¬¬2 concentrations were extracted from the Sentinel-5 Precursor satellite and vehicle mile traveled (VMT) estimates were acquired from cell phone mobility records. It is observed that the overall impacts of the COVID-19 response in Florida have started in the first half of March 2020, two weeks earlier than the official stay-at-home orders, and resulted in 54.07% and 59.68% decrease by the end of the month on NO¬¬2 and VMT, respectively. Further, a cross-correlation based dependency analysis was conducted to analyze the similarities and the associated time lag between 7-day moving averages of VMT and NO¬¬2 concentrations of the 67 counties. Although such reduction is unprecedented for both data sets, results indicate a strong correlation, and this correlation increases with the identification of a time lag between VMT and NO¬¬2 concentration. The majority of the counties have no time lag between VMT and NO¬¬2 concentration; however, a cluster of South Florida counties presents an earlier decrease in NO¬¬2 concentration compared to VMT, which indicates that the air quality improvements in those counties are not traffic related. Investigation on the socioeconomic factors indicates that population density and income level have no significant impact on the time lag between traffic and air quality improvements in light of COVID-19. Second, satellite-based multispectral images were employed to evaluate post-hurricane vegetative debris, focusing on the faster recovery on roadway networks. Transportation systems are vulnerable to hurricanes and yet their recovery plays a critical role in returning a community to its pre-hurricane state. Vegetative debris is among the most significant causes of disruptions on transportation infrastructure. Therefore, identifying the driving factors of hurricane-caused debris generation can help clear roadways faster and improve the recovery time of infrastructure systems. Previous studies on hurricane debris assessment are generally based on field data collection, which is expensive, time consuming, and dangerous. With the availability and convenience of remote sensing powered by the simple yet accurate estimations on the vigor of vegetation or density of manufactured features, spectral indices can change the way that emergency planners prepare for and perform vegetative debris removal operations. Thus, this case study proposes a data fusion framework combining multispectral satellite imagery and various vector data to evaluate post-hurricane vegetative debris with an exploratory analysis in small geographical units. Actual debris removal data were obtained from the City of Tallahassee, Florida after Hurricane Michael (2018) and aggregated into U.S. Census Block Groups along with four groups of datasets representing vegetation, storm surge, land use, and socioeconomics. Findings suggest that vegetation and other land characteristics are more determinant factors on debris generation, and Modified Soil-Adjusted Vegetation Index (MSAVI2) outperforms other vegetation indices for hurricane debris assessment. The proposed framework can help better identify equipment stack locations and temporary debris collection centers while providing resilience enhancements with a focus on the transportation infrastructure. Similarly, the third case study employed satellite imagery from various Landsat missions for a comparative damage assessment among five historical hurricanes and storms. Performing an accurate damage evaluation and identifying the patterns based on the strengths of these extreme weather events are essential for emergency professionals. A critical problem associated with this damage assessment is the logistics of quickly coordinating and implementing an extensive ground-based damage survey. Another significant challenge in developing a predictive understanding of the long-term effects of storms on coastal communities is the development of quantitative models that can relate the storm intensity and the resulting severity of damage on the different zones of the impacted areas. It is also unclear how urbanization and critical infrastructure affect the extent of the damage caused by them. Thus, this case study introduces a remote sensing-based approach that can rapidly analyze the damage caused by catastrophic storms with different strengths while providing a weighted statistical comparative assessment. Additionally, an existing debris volume estimation method developed by the U.S. Army Corps of Engineers (USACE) was evaluated and the results were compared to validate the proposed model. Findings indicate that suburban and urban areas as well as moderate and high roadway density areas have generated more debris than rural and low roadway density areas. This relationship was also observed based on the normalized difference vegetation index (NDVI) reductions. Findings of this study can help to perform more accurate and faster damage assessments using satellite imagery and remote sensing techniques. The fourth case study switched the focus from the remote sensing to computer vision as an object detection algorithm was retrained to identify crosswalks over high-resolution aerial images and develop a statewide inventory. Pedestrian fatalities have been rising sharply in the U.S. over the last decade. To reverse this trend, several pedestrian safety countermeasures were developed by the authorities, particularly for the uncontrolled crosswalks where majority of those fatalities occurred. Although geocoded and categorized crosswalk inventories are essential to determine where to implement the most appropriate countermeasure, building such an inventory database may take years with manual observations. Thus, this case study proposes a framework using Aerial Imagery and Artificial Intelligence (AI2) to map all crosswalks on Florida public roadways according to their control strategy. Freely available high-resolution aerial images and existing crosswalk locations in the OpenStreetMap database were used to retrain an object detection algorithm. Using this detector and a comprehensive preprocessing approach, approximately 160,000 crosswalks were identified and mapped. For validation, two case studies were conducted with a manually generated ground truth data set. It was found that the proposed approach can inventory the crosswalks with 85.9% completeness (recall) and 88.7% correctness (precision). Also, the performance of the model was significantly better on identifying signal crosswalks (92.5%) and uncontrolled major road crossings (96.6%) regardless of zebra or non-zebra pavement markings. The final results revealed that there are 861 mid-block, 30,784 signal, and 29,307 driveway crosswalks on the state roads in Florida. The proposed framework can be adapted in other locations where the appropriate imagery and vector data are available and is expected to contribute on the wider use of machine learning in transport policy. Finally, the fifth case study presented the literature review and the state of the art on drone utilization for traffic monitoring with the desired traffic data while providing the background on computer vision and particularly on the Multi Object Tracking (MOT) methodology with a preliminary case study to perform a real-time object detection on webcam. The provided summary of drone utilization among the U.S. transportation agencies can help stakeholders on how to benefit from UAS technology on their day-to-day work. Moreover, uniform traffic study manuals can be updated with the presented desired data analysis to help practitioners perform drone-based traffic monitoring. Furthermore, the benchmark MOT algorithms along with their data sets and performance metrics were introduced and a case study for real-time object detection was performed to pave the way for real-time naturalistic trajectory extraction and analysis. A small program was developed using python programing language, and the code was shared to apply real-time object detection on the images extracted from users’ webcam. Overall findings of this dissertation depict that regardless of the imagery data source or image processing method, a comprehensive pre-processing step should be performed with a focus on the targeted end data. In addition, satellite imagery and remote sensing methods powered by GIS, provide free and exhaustive data that can be used for smarter cities. Deep learning methods have extensive power over image data; in fact, some models for certain tasks have already surpassed human performance. However, it requires serious understanding to convert commonly known neural network models to perform slightly different tasks than what they were initially trained for. Tethered drones have also been promising solutions to collect continuous and automated traffic data. However, there is a trade off since the operation is too sensitive to weather events such as wind.</marc:subfield>
      </marc:datafield>
      <marc:datafield tag="504" ind1=" " ind2=" ">
         <marc:subfield code="a">Includes bibliographical references.</marc:subfield>
      </marc:datafield>
      <marc:datafield tag="650" ind1=" " ind2="0">
         <marc:subfield code="a">Transportation</marc:subfield>
         <marc:subfield code="x">Planning</marc:subfield>
      </marc:datafield>
      <marc:datafield tag="650" ind1=" " ind2="0">
         <marc:subfield code="a">Civil engineering</marc:subfield>
      </marc:datafield>
      <marc:datafield tag="650" ind1=" " ind2="0">
         <marc:subfield code="a">Remote sensing</marc:subfield>
      </marc:datafield>
      <marc:datafield tag="655" ind1=" " ind2="7">
         <marc:subfield code="a">Electronic Thesis or Dissertation.</marc:subfield>
         <marc:subfield code="2">dct</marc:subfield>
      </marc:datafield>
      <marc:datafield tag="690" ind1=" " ind2="7">
         <marc:subfield code="a">FSU Dissertations.</marc:subfield>
         <marc:subfield code="2">local</marc:subfield>
         <marc:subfield code="9">LOCAL</marc:subfield>
      </marc:datafield>
      <marc:datafield tag="710" ind1="2" ind2=" ">
         <marc:subfield code="a">Florida State University.</marc:subfield>
         <marc:subfield code="e">degree granting institution.</marc:subfield>
         <marc:subfield code="0">http://id.loc.gov/authorities/names/n80126238</marc:subfield>
      </marc:datafield>
      <marc:datafield tag="856" ind1="4" ind2="0">
         <marc:subfield code="3">DigiNole</marc:subfield>
         <marc:subfield code="u">https://purl.lib.fsu.edu/diginole/2022_Karaer_fsu_0071E_17051</marc:subfield>
         <marc:subfield code="y">Connect to online content:</marc:subfield>
      </marc:datafield>
      <marc:datafield tag="796" ind1="1" ind2=" ">
         <marc:subfield code="a">Ozguven, Eren Erman,</marc:subfield>
         <marc:subfield code="e">professor directing dissertation</marc:subfield>
         <marc:subfield code="9">LOCAL</marc:subfield>
      </marc:datafield>
      <marc:datafield tag="796" ind1="1" ind2=" ">
         <marc:subfield code="a">Vanli, Omer Arda,</marc:subfield>
         <marc:subfield code="e">university representative</marc:subfield>
         <marc:subfield code="9">LOCAL</marc:subfield>
      </marc:datafield>
      <marc:datafield tag="796" ind1="1" ind2=" ">
         <marc:subfield code="a">Moses, Ren,</marc:subfield>
         <marc:subfield code="e">committee member</marc:subfield>
         <marc:subfield code="9">LOCAL</marc:subfield>
      </marc:datafield>
      <marc:datafield tag="796" ind1="1" ind2=" ">
         <marc:subfield code="a">Sobanjo, John Olusegun,</marc:subfield>
         <marc:subfield code="d">1958-</marc:subfield>
         <marc:subfield code="e">committee member</marc:subfield>
         <marc:subfield code="9">LOCAL</marc:subfield>
      </marc:datafield>
      <marc:datafield tag="796" ind1="1" ind2=" ">
         <marc:subfield code="a">Li, Lichun,</marc:subfield>
         <marc:subfield code="e">committee member</marc:subfield>
         <marc:subfield code="9">LOCAL</marc:subfield>
      </marc:datafield>
      <marc:datafield tag="797" ind1="2" ind2=" ">
         <marc:subfield code="a">Florida State University.</marc:subfield>
         <marc:subfield code="b">Department of Civil and Environmental Engineering.</marc:subfield>
         <marc:subfield code="9">LOCAL</marc:subfield>
      </marc:datafield>
      <marc:datafield tag="904" ind1=" " ind2=" ">
         <marc:subfield code="a">0</marc:subfield>
         <marc:subfield code="9">LOCAL</marc:subfield>
      </marc:datafield>
   </marc:record>