
   <marc:record>
      <marc:leader>     nam  22      i 4500</marc:leader>
      <marc:controlfield tag="006">m     o  d        </marc:controlfield>
      <marc:controlfield tag="007">cr |||||||||||</marc:controlfield>
      <marc:controlfield tag="008">      s2022    flu     obm   000 0 eng d</marc:controlfield>
      <marc:datafield tag="040" ind1=" " ind2=" ">
         <marc:subfield code="a">FDA</marc:subfield>
         <marc:subfield code="b">eng</marc:subfield>
         <marc:subfield code="e">rda</marc:subfield>
         <marc:subfield code="c">FDA</marc:subfield>
      </marc:datafield>
      <marc:datafield tag="050" ind1=" " ind2="4">
         <marc:subfield code="a">QH343.4</marc:subfield>
      </marc:datafield>
      <marc:datafield tag="100" ind1="1" ind2=" ">
         <marc:subfield code="a">Kozik, Nevin Paul,</marc:subfield>
         <marc:subfield code="e">author</marc:subfield>
      </marc:datafield>
      <marc:datafield tag="245" ind1="1" ind2="2">
         <marc:subfield code="a">A Tour of Ordovician Paleoredox Conditions :</marc:subfield>
         <marc:subfield code="b">A Primary Driver for Ancient Biodiversity /</marc:subfield>
         <marc:subfield code="c">by Nevin Paul Kozik</marc:subfield>
      </marc:datafield>
      <marc:datafield tag="264" ind1=" " ind2="1">
         <marc:subfield code="a">Tallahassee, Florida :</marc:subfield>
         <marc:subfield code="b">Florida State University,</marc:subfield>
         <marc:subfield code="c">2022</marc:subfield>
      </marc:datafield>
      <marc:datafield tag="300" ind1=" " ind2=" ">
         <marc:subfield code="a">1 online resource (147 pages)</marc:subfield>
      </marc:datafield>
      <marc:datafield tag="336" ind1=" " ind2=" ">
         <marc:subfield code="a">text</marc:subfield>
         <marc:subfield code="b">txt</marc:subfield>
         <marc:subfield code="2">rdacontent</marc:subfield>
      </marc:datafield>
      <marc:datafield tag="337" ind1=" " ind2=" ">
         <marc:subfield code="a">computer</marc:subfield>
         <marc:subfield code="b">c</marc:subfield>
         <marc:subfield code="2">rdamedia</marc:subfield>
      </marc:datafield>
      <marc:datafield tag="338" ind1=" " ind2=" ">
         <marc:subfield code="a">online resource</marc:subfield>
         <marc:subfield code="b">cr</marc:subfield>
         <marc:subfield code="2">rdacarrier</marc:subfield>
      </marc:datafield>
      <marc:datafield tag="347" ind1=" " ind2=" ">
         <marc:subfield code="a">text file</marc:subfield>
         <marc:subfield code="2">rdaft</marc:subfield>
      </marc:datafield>
      <marc:datafield tag="347" ind1=" " ind2=" ">
         <marc:subfield code="b">PDF</marc:subfield>
      </marc:datafield>
      <marc:datafield tag="538" ind1=" " ind2=" ">
         <marc:subfield code="a">System requirements: Adobe Reader or other PDF viewer.</marc:subfield>
      </marc:datafield>
      <marc:datafield tag="588" ind1=" " ind2=" ">
         <marc:subfield code="a">Description based on online resource; title from PDF title page.</marc:subfield>
      </marc:datafield>
      <marc:datafield tag="500" ind1=" " ind2=" ">
         <marc:subfield code="a">Extent pagination is PDF page count.</marc:subfield>
      </marc:datafield>
      <marc:datafield tag="500" ind1=" " ind2=" ">
         <marc:subfield code="a">Advisory committee: Seth A. Young, Professor Directing Dissertation; Janie L. Wulff, University Representative; Jeremy D. Owens, Committee Member; Angela N. Knapp, Committee Member; Yang Wang, Committee Member.</marc:subfield>
      </marc:datafield>
      <marc:datafield tag="500" ind1=" " ind2=" ">
         <marc:subfield code="a">A Dissertation submitted to the Department of Earth, Ocean and Atmospheric Science in partial fulfillment of the requirements for the degree of Doctor of Philosophy.</marc:subfield>
      </marc:datafield>
      <marc:datafield tag="500" ind1=" " ind2=" ">
         <marc:subfield code="a">Date of Defense: April 6, 2022.</marc:subfield>
      </marc:datafield>
      <marc:datafield tag="500" ind1=" " ind2=" ">
         <marc:subfield code="a">Keywords: biodiversity, extinction, Ordovician, redox.</marc:subfield>
      </marc:datafield>
      <marc:datafield tag="502" ind1=" " ind2=" ">
         <marc:subfield code="b">Ph.D.</marc:subfield>
         <marc:subfield code="c">Florida State University</marc:subfield>
         <marc:subfield code="d">2022.</marc:subfield>
      </marc:datafield>
      <marc:datafield tag="520" ind1="3" ind2=" ">
         <marc:subfield code="a">After decades of research biogeochemists have identified several intervals of variable marine oxygenation throughout Earth’s history. These fluctuations in oxygenation have been proposed to directly correlate to changes in ancient biodiversity, and potentially be primary drivers for these observed changes in faunal richness. The Ordovician was a dynamic time in terms of marine biodiversity, as it hosts the largest increase in biodiversity events in the Phanerozoic, which occurs in the Early to Middle Ordovician commonly referred to as the Great Ordovician Biodiversification Event (GOBE). This major marine radiation is subsequently terminated by the second largest mass extinction in Earth’s history that occurs in the Late Ordovician, commonly referred to as the Late Ordovician Mass Extinction (LOME). While the primary causal mechanisms for both events remain under debate, an emerging field of study has associated an increase in marine oxygenation with the GOBE, while a decrease in marine oxygenation has been proposed for the LOME. Using a suite of paleoredox proxies, we present new geochemical datasets surrounding key intervals of the GOBE and LOME to elucidate the paleoredox landscape surrounding these events and link the known changes in biodiversity with fluctuations in marine oxygenation. These paleoredox proxies include local proxies that have previously been shown to constrain basinal changes in redox, which allows the use of global proxies to identify global changes in redox which might influence global biodiversity. These local redox proxies include manganese concentrations, iodine-to-calcium ratios, iron speciation, and pyrite sulfur isotopic compositions, while the global redox proxies include thallium isotopic compositions, vanadium, uranium and molybdenum concentrations, and carbonate-associated sulfate isotopic compositions. The major increase in faunal richness associated with the GOBE is thought to begin after the Cambrian‒Ordovician boundary, however paleoredox conditions surrounding this interval of time is largely under constrained. Currently a singular paleoredox dataset has been published to constrain paleoredox conditions across this boundary, however this dataset is limited in stratigraphic range, and is not tied to changes in biodiversity. New geochemical datasets from the Baltic Basin presented here from modern day southern Sweden (Scania) provide additional context for paleoredox conditions during the initiation of the GOBE. A progressive increase in oxygenation succeeding the Cambrian‒Ordovician boundary is interpreted based on trace metal dynamics and thallium isotopic compositions, which may be providing enhanced metabolic efficiency and new niche space due to newly oxygenated shelf areas leading into the later Ordovician. The Middle‒Late Ordovician is associated with peak faunal diversity which has been attributed to enhanced marine oxygenation. Similarly with the Cambrian‒Ordovician boundary, very few studies have provided direct paleoredox evidence for a progressive increase in marine oxygenation, and thus redox conditions surrounding this integral period of diversification. New geochemical datasets from the Baltic Basin show a long-term increase in marine oxygenation throughout this interval though novel thallium isotopic compositions. The primary causal mechanisms for the LOME remains unclear, however there is growing evidence that anoxia is playing a larger role than initially thought. Classically, the LOME occurs between two extinction pulses, the first being attributed to climatic cooling and subsequent expansion of Gondwanan glaciation which resulted in widespread habitat loss, while the second pulse is associated with climatic warming, deglaciation, and an expansion of globally reducing conditions. New geochemical evidence from three carbonate successions derived from hydrographically dispersed basins show evidence of persistent reducing conditions throughout the Late Ordovician though low iodine-to-calcium ratios, while carbonate-associated sulfate isotopic suggest an overall reduction of global pyrite burial. Lastly, new thallium isotopic compositions from two Upper Ordovician basins of predominantly organic-rich shales identify highly variable global burial of manganese oxides which is intimately linked to marine (de)oxygenation and the two extinction pulses of the LOME. These thallium isotopic trends show that there were two major fluctuations between oxygenated and reducing conditions, which suggests that dynamic changes in oxygenation levels is a primary control on marine biodiversity, rather than the magnitude of reducing conditions.</marc:subfield>
      </marc:datafield>
      <marc:datafield tag="504" ind1=" " ind2=" ">
         <marc:subfield code="a">Includes bibliographical references.</marc:subfield>
      </marc:datafield>
      <marc:datafield tag="506" ind1=" " ind2=" ">
         <marc:subfield code="a">This thesis/dissertation may be embargoed for a limited time. Click access link to check availability.</marc:subfield>
      </marc:datafield>
      <marc:datafield tag="650" ind1=" " ind2="0">
         <marc:subfield code="a">Geobiology</marc:subfield>
      </marc:datafield>
      <marc:datafield tag="650" ind1=" " ind2="0">
         <marc:subfield code="a">Biogeochemistry</marc:subfield>
      </marc:datafield>
      <marc:datafield tag="650" ind1=" " ind2="0">
         <marc:subfield code="a">Geochemistry</marc:subfield>
      </marc:datafield>
      <marc:datafield tag="655" ind1=" " ind2="7">
         <marc:subfield code="a">Electronic Thesis or Dissertation.</marc:subfield>
         <marc:subfield code="2">dct</marc:subfield>
      </marc:datafield>
      <marc:datafield tag="690" ind1=" " ind2="7">
         <marc:subfield code="a">FSU Dissertations.</marc:subfield>
         <marc:subfield code="2">local</marc:subfield>
         <marc:subfield code="9">LOCAL</marc:subfield>
      </marc:datafield>
      <marc:datafield tag="710" ind1="2" ind2=" ">
         <marc:subfield code="a">Florida State University.</marc:subfield>
         <marc:subfield code="e">degree granting institution.</marc:subfield>
         <marc:subfield code="0">http://id.loc.gov/authorities/names/n80126238</marc:subfield>
      </marc:datafield>
      <marc:datafield tag="856" ind1="4" ind2="0">
         <marc:subfield code="3">DigiNole</marc:subfield>
         <marc:subfield code="u">https://purl.lib.fsu.edu/diginole/2022_Kozik_fsu_0071E_17123</marc:subfield>
         <marc:subfield code="y">Connect to online content:</marc:subfield>
      </marc:datafield>
      <marc:datafield tag="796" ind1="1" ind2=" ">
         <marc:subfield code="a">Young, Seth A.,</marc:subfield>
         <marc:subfield code="e">professor directing dissertation</marc:subfield>
         <marc:subfield code="9">LOCAL</marc:subfield>
      </marc:datafield>
      <marc:datafield tag="796" ind1="1" ind2=" ">
         <marc:subfield code="a">Wulff, Janie L.,</marc:subfield>
         <marc:subfield code="e">university representative</marc:subfield>
         <marc:subfield code="9">LOCAL</marc:subfield>
      </marc:datafield>
      <marc:datafield tag="796" ind1="1" ind2=" ">
         <marc:subfield code="a">Owens, Jeremy D.,</marc:subfield>
         <marc:subfield code="e">committee member</marc:subfield>
         <marc:subfield code="9">LOCAL</marc:subfield>
      </marc:datafield>
      <marc:datafield tag="796" ind1="1" ind2=" ">
         <marc:subfield code="a">Knapp, Angela Noel,</marc:subfield>
         <marc:subfield code="d">1976-</marc:subfield>
         <marc:subfield code="e">committee member</marc:subfield>
         <marc:subfield code="9">LOCAL</marc:subfield>
      </marc:datafield>
      <marc:datafield tag="796" ind1="1" ind2=" ">
         <marc:subfield code="a">Wang, Yang</marc:subfield>
         <marc:subfield code="c">(Graduate Assistant in Teaching),</marc:subfield>
         <marc:subfield code="e">committee member</marc:subfield>
         <marc:subfield code="9">LOCAL</marc:subfield>
      </marc:datafield>
      <marc:datafield tag="797" ind1="2" ind2=" ">
         <marc:subfield code="a">Florida State University.</marc:subfield>
         <marc:subfield code="b">Department of Earth, Ocean and Atmospheric Science.</marc:subfield>
         <marc:subfield code="9">LOCAL</marc:subfield>
      </marc:datafield>
      <marc:datafield tag="904" ind1=" " ind2=" ">
         <marc:subfield code="a">4</marc:subfield>
         <marc:subfield code="9">LOCAL</marc:subfield>
      </marc:datafield>
   </marc:record>