
   <marc:record>
      <marc:leader>     nam  22      i 4500</marc:leader>
      <marc:controlfield tag="006">m     o  d        </marc:controlfield>
      <marc:controlfield tag="007">cr |||||||||||</marc:controlfield>
      <marc:controlfield tag="008">      s2022    flu     obm   000 0 eng d</marc:controlfield>
      <marc:datafield tag="040" ind1=" " ind2=" ">
         <marc:subfield code="a">FDA</marc:subfield>
         <marc:subfield code="b">eng</marc:subfield>
         <marc:subfield code="e">rda</marc:subfield>
         <marc:subfield code="c">FDA</marc:subfield>
      </marc:datafield>
      <marc:datafield tag="050" ind1=" " ind2="4">
         <marc:subfield code="a">QP</marc:subfield>
      </marc:datafield>
      <marc:datafield tag="100" ind1="1" ind2=" ">
         <marc:subfield code="a">Kviatkovsky, Shiloah</marc:subfield>
         <marc:subfield code="q">(Shiloah A.),</marc:subfield>
         <marc:subfield code="e">author</marc:subfield>
      </marc:datafield>
      <marc:datafield tag="245" ind1="1" ind2="4">
         <marc:subfield code="a">The Impact of Collagen Peptides Supplementation on Pain, Function, and Markers of Bone and Connective Tissue Turnover in Active Adults /</marc:subfield>
         <marc:subfield code="c">by Shiloah A. Kviatkovsky</marc:subfield>
      </marc:datafield>
      <marc:datafield tag="264" ind1=" " ind2="1">
         <marc:subfield code="a">Tallahassee, Florida :</marc:subfield>
         <marc:subfield code="b">Florida State University,</marc:subfield>
         <marc:subfield code="c">2022</marc:subfield>
      </marc:datafield>
      <marc:datafield tag="300" ind1=" " ind2=" ">
         <marc:subfield code="a">1 online resource (211 pages)</marc:subfield>
      </marc:datafield>
      <marc:datafield tag="336" ind1=" " ind2=" ">
         <marc:subfield code="a">text</marc:subfield>
         <marc:subfield code="b">txt</marc:subfield>
         <marc:subfield code="2">rdacontent</marc:subfield>
      </marc:datafield>
      <marc:datafield tag="337" ind1=" " ind2=" ">
         <marc:subfield code="a">computer</marc:subfield>
         <marc:subfield code="b">c</marc:subfield>
         <marc:subfield code="2">rdamedia</marc:subfield>
      </marc:datafield>
      <marc:datafield tag="338" ind1=" " ind2=" ">
         <marc:subfield code="a">online resource</marc:subfield>
         <marc:subfield code="b">cr</marc:subfield>
         <marc:subfield code="2">rdacarrier</marc:subfield>
      </marc:datafield>
      <marc:datafield tag="347" ind1=" " ind2=" ">
         <marc:subfield code="a">text file</marc:subfield>
         <marc:subfield code="2">rdaft</marc:subfield>
      </marc:datafield>
      <marc:datafield tag="347" ind1=" " ind2=" ">
         <marc:subfield code="b">PDF</marc:subfield>
      </marc:datafield>
      <marc:datafield tag="538" ind1=" " ind2=" ">
         <marc:subfield code="a">System requirements: Adobe Reader or other PDF viewer.</marc:subfield>
      </marc:datafield>
      <marc:datafield tag="588" ind1=" " ind2=" ">
         <marc:subfield code="a">Description based on online resource; title from PDF title page.</marc:subfield>
      </marc:datafield>
      <marc:datafield tag="500" ind1=" " ind2=" ">
         <marc:subfield code="a">Extent pagination is PDF page count.</marc:subfield>
      </marc:datafield>
      <marc:datafield tag="500" ind1=" " ind2=" ">
         <marc:subfield code="a">Advisory committee: Michael J. Ormsbee, Professor Directing Dissertation; David Eccles, University Representative; Gloria Salazar, Committee Member; Claire Berryman, Committee Member; Robert Hickner, Committee Member.</marc:subfield>
      </marc:datafield>
      <marc:datafield tag="500" ind1=" " ind2=" ">
         <marc:subfield code="a">A Dissertation submitted to the Department of Nutrition and Integrative Physiology in partial fulfillment of the requirements for the degree of Doctor of Philosophy.</marc:subfield>
      </marc:datafield>
      <marc:datafield tag="500" ind1=" " ind2=" ">
         <marc:subfield code="a">Date of Defense: March 21, 2022.</marc:subfield>
      </marc:datafield>
      <marc:datafield tag="502" ind1=" " ind2=" ">
         <marc:subfield code="b">Ph.D.</marc:subfield>
         <marc:subfield code="c">Florida State University</marc:subfield>
         <marc:subfield code="d">2022.</marc:subfield>
      </marc:datafield>
      <marc:datafield tag="520" ind1="3" ind2=" ">
         <marc:subfield code="a">Aging is associated with decreased synthesis and increased degradation of muscle, bone, and connective tissue, leading to decrements in body wide structure and function. This depression in tissue turnover can lead to sarcopenia in skeletal muscle, and osteopenia/osteoporosis in bone, both of which are associated with increased injury risk and decreased function and are consequently widely studied. Surprisingly, age related losses in collagen is not well studied, even though it is the most abundant protein in the human body and a major constituent of muscle and bone. Collagen is not only a major component of the extracellular matrix (ECM), connecting muscles to bones, and bones to bones, but is also responsible for force transmission and locomotion. Additionally, age and activity related losses in collagen occur at a higher rate than muscle and bone, rendering collagen containing tissue, such as tendons and ligaments, more susceptible to injury. Injury to collagen containing tissue can lead to chronic inflammation and pain, resulting in decreased function and participation in sports. Approximately 19 % of the U.S. population is afflicted with chronic pain, with increasing incidence in active and aging populations. Pain can limit physical activity and activities of daily living (ADLs), resulting in declined mental, physical, and social health, as well as cause and proliferate disabilities. Long term pharmacological interventions to manage pain have negative side effects, which creates a need for alternative therapies. Currently, nutritional interventions for pain target inflammation or joint health, but few influence both. One such alternative therapy is supplementation with collagen peptides (CP). Supplementation of these peptides has shown positive effects on pain, function, and inflammation. The effects of collagen peptides on collagen containing tissue are thought to be due to bioactive peptides of the three main amino acids found in collagen—glycine, proline, and hydroxyproline—increasing collagen transcription and connective tissue repair. While short term studies have observed positive effect on pain and function, as well as body composition, a majority of the research has been conducted in diseased and injured populations, and few have assessed the effects of CP supplementation long term in healthy fit populations. PURPOSE: To determine the effects of daily CP consumption over 3, 6, and 9 months on a variety of measures of pain and function, range of motion, body composition, bone mineral density, inflammation, and bone and collagen turnover in healthy active older adults. METHODS: This study was a double-blind randomized control trial with three treatment groups (Placebo, 10 g/d, and 20 g/d). Survey measures of pain, range of motion, blood draws, and DXA to determine body composition and bone mineral density, were administered at baseline, 3 months, 6 months, and 9 months. Mixed model ANOVAs assessed group by time (baseline, 3 months, 6 months, and 9 months) interactions in all primary measurement outcomes. Additionally, the moderating effect of exercise frequency as well as sex differences were assessed. Significant interactions were further assessed via simple repeated measures ANOVA tests using Bonferroni corrections. RESULTS: Improvements in ADLs were observed with 10 g/d while, only slight differences were observed in the 20 g/d group over 6 months of supplementation. Pain was also reduced in the 10 g/d and 20 g/d groups over 6 months of supplementation, but only in high frequency exercisers. Additionally, survey measures of quality of life (QOL) related to mental health were improved in the 10 g/d group, while scores decreased in the 20 g/d group over 9 months of supplementation. The improvements in survey measures observed in the 10 g/d group were accompanied with favorable shifts in biomarkers, while few significant improvements were observed in the 20 g/d group, compared to the placebo group. Conclusion: These findings suggest that 10 g/d of CP supplementation for 3, 6, and 9 months compared to 20 d/g or placebo had benefits on ADLs, pain, mental health, and improvements in biomarkers of bone and collagen turnover, while 20 g/d seemed to not be as effective.</marc:subfield>
      </marc:datafield>
      <marc:datafield tag="504" ind1=" " ind2=" ">
         <marc:subfield code="a">Includes bibliographical references.</marc:subfield>
      </marc:datafield>
      <marc:datafield tag="506" ind1=" " ind2=" ">
         <marc:subfield code="a">This thesis/dissertation may be embargoed for a limited time. Click access link to check availability.</marc:subfield>
      </marc:datafield>
      <marc:datafield tag="650" ind1=" " ind2="0">
         <marc:subfield code="a">Physiology</marc:subfield>
      </marc:datafield>
      <marc:datafield tag="650" ind1=" " ind2="0">
         <marc:subfield code="a">Nutrition</marc:subfield>
      </marc:datafield>
      <marc:datafield tag="655" ind1=" " ind2="7">
         <marc:subfield code="a">Electronic Thesis or Dissertation.</marc:subfield>
         <marc:subfield code="2">dct</marc:subfield>
      </marc:datafield>
      <marc:datafield tag="690" ind1=" " ind2="7">
         <marc:subfield code="a">FSU Dissertations.</marc:subfield>
         <marc:subfield code="2">local</marc:subfield>
         <marc:subfield code="9">LOCAL</marc:subfield>
      </marc:datafield>
      <marc:datafield tag="710" ind1="2" ind2=" ">
         <marc:subfield code="a">Florida State University.</marc:subfield>
         <marc:subfield code="e">degree granting institution.</marc:subfield>
         <marc:subfield code="0">http://id.loc.gov/authorities/names/n80126238</marc:subfield>
      </marc:datafield>
      <marc:datafield tag="856" ind1="4" ind2="0">
         <marc:subfield code="3">DigiNole</marc:subfield>
         <marc:subfield code="u">https://purl.lib.fsu.edu/diginole/2022_Kviatkovsky_fsu_0071E_17165</marc:subfield>
         <marc:subfield code="y">Connect to online content:</marc:subfield>
      </marc:datafield>
      <marc:datafield tag="796" ind1="1" ind2=" ">
         <marc:subfield code="a">Ormsbee, Michael J.,</marc:subfield>
         <marc:subfield code="e">professor directing dissertation</marc:subfield>
         <marc:subfield code="9">LOCAL</marc:subfield>
      </marc:datafield>
      <marc:datafield tag="796" ind1="1" ind2=" ">
         <marc:subfield code="a">Eccles, David W.,</marc:subfield>
         <marc:subfield code="e">university representative</marc:subfield>
         <marc:subfield code="9">LOCAL</marc:subfield>
      </marc:datafield>
      <marc:datafield tag="796" ind1="1" ind2=" ">
         <marc:subfield code="a">Salazar, Gloria,</marc:subfield>
         <marc:subfield code="e">committee member</marc:subfield>
         <marc:subfield code="9">LOCAL</marc:subfield>
      </marc:datafield>
      <marc:datafield tag="796" ind1="1" ind2=" ">
         <marc:subfield code="a">Berryman, Claire E.</marc:subfield>
         <marc:subfield code="q">(Elizabeth),</marc:subfield>
         <marc:subfield code="e">committee member</marc:subfield>
         <marc:subfield code="9">LOCAL</marc:subfield>
      </marc:datafield>
      <marc:datafield tag="796" ind1="1" ind2=" ">
         <marc:subfield code="a">Hickner, Robert C.,</marc:subfield>
         <marc:subfield code="d">1962-</marc:subfield>
         <marc:subfield code="e">committee member</marc:subfield>
         <marc:subfield code="9">LOCAL</marc:subfield>
      </marc:datafield>
      <marc:datafield tag="797" ind1="2" ind2=" ">
         <marc:subfield code="a">Florida State University.</marc:subfield>
         <marc:subfield code="b">Department of Nutrition and Integrative Physiology.</marc:subfield>
         <marc:subfield code="9">LOCAL</marc:subfield>
      </marc:datafield>
      <marc:datafield tag="904" ind1=" " ind2=" ">
         <marc:subfield code="a">4</marc:subfield>
         <marc:subfield code="9">LOCAL</marc:subfield>
      </marc:datafield>
   </marc:record>