
   <marc:record>
      <marc:leader>     nam  22      i 4500</marc:leader>
      <marc:controlfield tag="006">m     o  d        </marc:controlfield>
      <marc:controlfield tag="007">cr |||||||||||</marc:controlfield>
      <marc:controlfield tag="008">      s2022    flu     obm   000 0 eng d</marc:controlfield>
      <marc:datafield tag="040" ind1=" " ind2=" ">
         <marc:subfield code="a">FDA</marc:subfield>
         <marc:subfield code="b">eng</marc:subfield>
         <marc:subfield code="e">rda</marc:subfield>
         <marc:subfield code="c">FDA</marc:subfield>
      </marc:datafield>
      <marc:datafield tag="050" ind1=" " ind2="4">
         <marc:subfield code="a">PN851</marc:subfield>
      </marc:datafield>
      <marc:datafield tag="100" ind1="1" ind2=" ">
         <marc:subfield code="a">Lanaghan, Nathaniel P.</marc:subfield>
         <marc:subfield code="q">(Nathaniel Patrick),</marc:subfield>
         <marc:subfield code="e">author</marc:subfield>
      </marc:datafield>
      <marc:datafield tag="245" ind1="1" ind2="0">
         <marc:subfield code="a">National Medievalism in Russia and Turkey /</marc:subfield>
         <marc:subfield code="c">by Nathaniel P. Lanaghan</marc:subfield>
      </marc:datafield>
      <marc:datafield tag="264" ind1=" " ind2="1">
         <marc:subfield code="a">Tallahassee, Florida :</marc:subfield>
         <marc:subfield code="b">Florida State University,</marc:subfield>
         <marc:subfield code="c">2022</marc:subfield>
      </marc:datafield>
      <marc:datafield tag="300" ind1=" " ind2=" ">
         <marc:subfield code="a">1 online resource (67 pages)</marc:subfield>
      </marc:datafield>
      <marc:datafield tag="336" ind1=" " ind2=" ">
         <marc:subfield code="a">text</marc:subfield>
         <marc:subfield code="b">txt</marc:subfield>
         <marc:subfield code="2">rdacontent</marc:subfield>
      </marc:datafield>
      <marc:datafield tag="337" ind1=" " ind2=" ">
         <marc:subfield code="a">computer</marc:subfield>
         <marc:subfield code="b">c</marc:subfield>
         <marc:subfield code="2">rdamedia</marc:subfield>
      </marc:datafield>
      <marc:datafield tag="338" ind1=" " ind2=" ">
         <marc:subfield code="a">online resource</marc:subfield>
         <marc:subfield code="b">cr</marc:subfield>
         <marc:subfield code="2">rdacarrier</marc:subfield>
      </marc:datafield>
      <marc:datafield tag="347" ind1=" " ind2=" ">
         <marc:subfield code="a">text file</marc:subfield>
         <marc:subfield code="2">rdaft</marc:subfield>
      </marc:datafield>
      <marc:datafield tag="347" ind1=" " ind2=" ">
         <marc:subfield code="b">PDF</marc:subfield>
      </marc:datafield>
      <marc:datafield tag="538" ind1=" " ind2=" ">
         <marc:subfield code="a">System requirements: Adobe Reader or other PDF viewer.</marc:subfield>
      </marc:datafield>
      <marc:datafield tag="588" ind1=" " ind2=" ">
         <marc:subfield code="a">Description based on online resource; title from PDF title page.</marc:subfield>
      </marc:datafield>
      <marc:datafield tag="500" ind1=" " ind2=" ">
         <marc:subfield code="a">Extent pagination is PDF page count.</marc:subfield>
      </marc:datafield>
      <marc:datafield tag="500" ind1=" " ind2=" ">
         <marc:subfield code="a">Advisory committee: Robert L. Romanchuk, Professor Directing Thesis; David F. Johnson, Committee Member; Lisa Ryoko Wakamiya, Committee Member.</marc:subfield>
      </marc:datafield>
      <marc:datafield tag="500" ind1=" " ind2=" ">
         <marc:subfield code="a">A Thesis submitted to the Department of Modern Languages and Linguistics in partial fulfillment of the requirements for the degree of Master of Arts.</marc:subfield>
      </marc:datafield>
      <marc:datafield tag="500" ind1=" " ind2=" ">
         <marc:subfield code="a">Date of Defense: March 28, 2022.</marc:subfield>
      </marc:datafield>
      <marc:datafield tag="500" ind1=" " ind2=" ">
         <marc:subfield code="a">Keywords: Erdogan, Identity, Medievalism, Putin, Russia, Turkey.</marc:subfield>
      </marc:datafield>
      <marc:datafield tag="502" ind1=" " ind2=" ">
         <marc:subfield code="b">M.A.</marc:subfield>
         <marc:subfield code="c">Florida State University</marc:subfield>
         <marc:subfield code="d">2022.</marc:subfield>
      </marc:datafield>
      <marc:datafield tag="520" ind1="3" ind2=" ">
         <marc:subfield code="a">There is a growing trend of invoking the Middle Ages to ground modern identity in something familiar and historic (Utz, 2022). In an increasingly interconnected yet insecure world, Russia and Turkey have emerged as regional powers, or in the case of Russia, a great power with imperial aspirations, and are attempting to secure their place in the new multipolar world order. Dmitri Trenin (2013) suggests there is an “astonishing likeness” in the twenty-first century development of Russia and Turkey. These countries have adopted Western institutions and had, at one point, sought integration with the West. At present, however, disillusionment with the Western model and a desire to restore past glories of empire have encouraged the governments of these nations to distance themselves from Western influence, setting them down a path hostile to its values and concerns. This is compounded by what Russian author Eugene Vodolazkin (2016b) calls the “ever-present twofold issue of excessive individualization and the secularization of life” (p. 35) synonymous with liberal society that the ruling governments of Russia and Turkey present as detrimental to traditional culture and values underpinning their civilization-states. While a wide variety of positions exist within the respective cultural and political discourses in Russia and Turkey, the governments of Presidents Vladimir Putin and Recep Tayyip Erdogan have instrumentalized mythologized narratives of national identity, rooted in the Middle Ages, to decouple themselves from and “otherize" the West in pursuit of revanchist foreign policies and autocratic domestic policies.The result has been the top-down imposition of national identity founded on the myths of the glorious past. Reaching back to the Middle Ages, which is regarded as the era of “civilizational birth” for Russia and Turkey, myths, characters, symbols, and values of the imagined past are being reconstructed to question the “individualized and secularized” character of modern society. Governments and institutions have sponsored cultural medievalism in media, with TV and film being among the most popular and widespread. State-sponsored medievalism has become a silver screen staple in these countries, with shows like Sophia (София, 2016) in Russia and The Great Seljuk (Büyük Selçuklu, 2020) in Turkey being financed partly or entirely by their respective governments. Literature, or more specifically books by elite writers, however, remain outside of overt government control. In this study, I will consider/treat/examine Laurus¬ (published 2012, translated 2015) by Eugene Vodolazkin and ¬My Name Is Red (published 1998, translated 2001) by Orhan Pamuk – two titles with stories set in the Middle Ages and themes that relate to the questioning of national character, identity, and self. ¬My Name Is Red was written before neo-Ottoman medievalism in popular culture became a widespread, state-sanctioned phenomenon in Turkey. Laurus, conversely, was written when medievalism was instrumentalized by the state to legitimize concepts such as the “Russian world.” I will determine how these works of medievalism summon the Middle Ages to respond to issues of national identity and provide insight on the author’s positions vis-à-vis their respective government and institutions. This analysis seeks to identify and label a trend of invoking the Middle Ages in Russia and Turkey under the framework of what I propose to call “national medievalism.” I will provide examples of national medievalism in context and explain how it is utilized in the interrogation and propagation of national identities. This study of medievalism will provide insight on how the Middle Ages are perceived and instrumentalized in Russia and Turkey and provide context to the rise of popular medievalism in their respective cultural discourses.</marc:subfield>
      </marc:datafield>
      <marc:datafield tag="504" ind1=" " ind2=" ">
         <marc:subfield code="a">Includes bibliographical references.</marc:subfield>
      </marc:datafield>
      <marc:datafield tag="650" ind1=" " ind2="0">
         <marc:subfield code="a">Comparative literature</marc:subfield>
      </marc:datafield>
      <marc:datafield tag="651" ind1=" " ind2="0">
         <marc:subfield code="a">Slavic countries</marc:subfield>
      </marc:datafield>
      <marc:datafield tag="651" ind1=" " ind2="0">
         <marc:subfield code="a">Middle East</marc:subfield>
         <marc:subfield code="x">Study and teaching</marc:subfield>
      </marc:datafield>
      <marc:datafield tag="655" ind1=" " ind2="7">
         <marc:subfield code="a">Electronic Thesis or Dissertation.</marc:subfield>
         <marc:subfield code="2">dct</marc:subfield>
      </marc:datafield>
      <marc:datafield tag="690" ind1=" " ind2="7">
         <marc:subfield code="a">FSU Dissertations.</marc:subfield>
         <marc:subfield code="2">local</marc:subfield>
         <marc:subfield code="9">LOCAL</marc:subfield>
      </marc:datafield>
      <marc:datafield tag="710" ind1="2" ind2=" ">
         <marc:subfield code="a">Florida State University.</marc:subfield>
         <marc:subfield code="e">degree granting institution.</marc:subfield>
         <marc:subfield code="0">http://id.loc.gov/authorities/names/n80126238</marc:subfield>
      </marc:datafield>
      <marc:datafield tag="856" ind1="4" ind2="0">
         <marc:subfield code="3">DigiNole</marc:subfield>
         <marc:subfield code="u">https://purl.lib.fsu.edu/diginole/2022_Lanaghan_fsu_0071N_17246</marc:subfield>
         <marc:subfield code="y">Connect to online content:</marc:subfield>
      </marc:datafield>
      <marc:datafield tag="796" ind1="1" ind2=" ">
         <marc:subfield code="a">Romanchuk, Robert,</marc:subfield>
         <marc:subfield code="e">professor directing thesis</marc:subfield>
         <marc:subfield code="9">LOCAL</marc:subfield>
      </marc:datafield>
      <marc:datafield tag="796" ind1="1" ind2=" ">
         <marc:subfield code="a">Johnson, David F.</marc:subfield>
         <marc:subfield code="q">(David Frame),</marc:subfield>
         <marc:subfield code="d">1956-</marc:subfield>
         <marc:subfield code="e">committee member</marc:subfield>
         <marc:subfield code="9">LOCAL</marc:subfield>
      </marc:datafield>
      <marc:datafield tag="796" ind1="1" ind2=" ">
         <marc:subfield code="a">Wakamiya, Lisa Ryoko,</marc:subfield>
         <marc:subfield code="d">1969-</marc:subfield>
         <marc:subfield code="e">committee member</marc:subfield>
         <marc:subfield code="9">LOCAL</marc:subfield>
      </marc:datafield>
      <marc:datafield tag="797" ind1="2" ind2=" ">
         <marc:subfield code="a">Florida State University.</marc:subfield>
         <marc:subfield code="b">.</marc:subfield>
         <marc:subfield code="9">LOCAL</marc:subfield>
      </marc:datafield>
      <marc:datafield tag="904" ind1=" " ind2=" ">
         <marc:subfield code="a">0</marc:subfield>
         <marc:subfield code="9">LOCAL</marc:subfield>
      </marc:datafield>
   </marc:record>