
   <marc:record>
      <marc:leader>     nam  22      i 4500</marc:leader>
      <marc:controlfield tag="006">m     o  d        </marc:controlfield>
      <marc:controlfield tag="007">cr |||||||||||</marc:controlfield>
      <marc:controlfield tag="008">      s2022    flu     obm   000 0 eng d</marc:controlfield>
      <marc:datafield tag="040" ind1=" " ind2=" ">
         <marc:subfield code="a">FDA</marc:subfield>
         <marc:subfield code="b">eng</marc:subfield>
         <marc:subfield code="e">rda</marc:subfield>
         <marc:subfield code="c">FDA</marc:subfield>
      </marc:datafield>
      <marc:datafield tag="050" ind1=" " ind2="4">
         <marc:subfield code="a">QP</marc:subfield>
      </marc:datafield>
      <marc:datafield tag="100" ind1="1" ind2=" ">
         <marc:subfield code="a">Landi Conde, Daniel Roberto,</marc:subfield>
         <marc:subfield code="e">author</marc:subfield>
      </marc:datafield>
      <marc:datafield tag="245" ind1="1" ind2="0">
         <marc:subfield code="a">Glucagon-like Peptide 1-Mediated Modulation of Kv1.3 Activity /</marc:subfield>
         <marc:subfield code="c">by Daniel Roberto Landi Conde</marc:subfield>
      </marc:datafield>
      <marc:datafield tag="264" ind1=" " ind2="1">
         <marc:subfield code="a">Tallahassee, Florida :</marc:subfield>
         <marc:subfield code="b">Florida State University,</marc:subfield>
         <marc:subfield code="c">2022</marc:subfield>
      </marc:datafield>
      <marc:datafield tag="300" ind1=" " ind2=" ">
         <marc:subfield code="a">1 online resource (155 pages)</marc:subfield>
      </marc:datafield>
      <marc:datafield tag="336" ind1=" " ind2=" ">
         <marc:subfield code="a">text</marc:subfield>
         <marc:subfield code="b">txt</marc:subfield>
         <marc:subfield code="2">rdacontent</marc:subfield>
      </marc:datafield>
      <marc:datafield tag="337" ind1=" " ind2=" ">
         <marc:subfield code="a">computer</marc:subfield>
         <marc:subfield code="b">c</marc:subfield>
         <marc:subfield code="2">rdamedia</marc:subfield>
      </marc:datafield>
      <marc:datafield tag="338" ind1=" " ind2=" ">
         <marc:subfield code="a">online resource</marc:subfield>
         <marc:subfield code="b">cr</marc:subfield>
         <marc:subfield code="2">rdacarrier</marc:subfield>
      </marc:datafield>
      <marc:datafield tag="347" ind1=" " ind2=" ">
         <marc:subfield code="a">text file</marc:subfield>
         <marc:subfield code="2">rdaft</marc:subfield>
      </marc:datafield>
      <marc:datafield tag="347" ind1=" " ind2=" ">
         <marc:subfield code="b">PDF</marc:subfield>
      </marc:datafield>
      <marc:datafield tag="538" ind1=" " ind2=" ">
         <marc:subfield code="a">System requirements: Adobe Reader or other PDF viewer.</marc:subfield>
      </marc:datafield>
      <marc:datafield tag="588" ind1=" " ind2=" ">
         <marc:subfield code="a">Description based on online resource; title from PDF title page.</marc:subfield>
      </marc:datafield>
      <marc:datafield tag="500" ind1=" " ind2=" ">
         <marc:subfield code="a">Extent pagination is PDF page count.</marc:subfield>
      </marc:datafield>
      <marc:datafield tag="500" ind1=" " ind2=" ">
         <marc:subfield code="a">Advisory committee: Debra Ann Fadool, Professor Directing Thesis; Roberto Vincis, Committee Member; Scott Stagg, Committee Member; Steve Lenhert, Committee Member; Richard Bertram, Committee Member.</marc:subfield>
      </marc:datafield>
      <marc:datafield tag="500" ind1=" " ind2=" ">
         <marc:subfield code="a">A Thesis submitted to the Department of Biological Science in partial fulfillment of the requirements for the degree of Master of Science.</marc:subfield>
      </marc:datafield>
      <marc:datafield tag="500" ind1=" " ind2=" ">
         <marc:subfield code="a">Date of Defense: March 23, 2022.</marc:subfield>
      </marc:datafield>
      <marc:datafield tag="500" ind1=" " ind2=" ">
         <marc:subfield code="a">Keywords: GLP-1, glucagon-like peptide 1, Kv1.3, metabolism, olfaction, potassium channel modulation.</marc:subfield>
      </marc:datafield>
      <marc:datafield tag="502" ind1=" " ind2=" ">
         <marc:subfield code="b">M.S.</marc:subfield>
         <marc:subfield code="c">Florida State University</marc:subfield>
         <marc:subfield code="d">2022.</marc:subfield>
      </marc:datafield>
      <marc:datafield tag="520" ind1="3" ind2=" ">
         <marc:subfield code="a">There is a well-established relationship between the olfactory and the endocrine systems. At the center of this relationship sits the olfactory bulb, which acts as a relay station for the sense of smell. In fact, neurons in the olfactory epithelium and the olfactory bulb express a myriad of metabolic receptors. Mitral cells are the major projection neurons in the olfactory bulb, and they express receptors for important metabolic factors such as glucose, insulin, and glucagon-like peptide 1 (GLP-1). GLP-1 is a gut hormone that aids in the regulation of blood glucose by promoting the release of insulin following a meal. The main source of GLP-1 is the intestinal L-cells, but it is also released from neurons in the central nervous system. Mitral cells in the olfactory bulb express the receptor for GLP-1 (GLP-1R). The GLP-1R is a G-protein-coupled receptor that is mechanistically coupled to adenylyl cyclase, which catalyzes the conversion of ATP into cAMP, leading to the activation of cAMP-dependent Protein Kinase A (PKA). GLP-1R action increases neuronal excitability by reducing the hyperpolarizing currents in mitral cells through an unknown mechanism. The main voltage-gated potassium channel in mitral cells is Kv1.3. Since the effect of GLP-1 on mitral cell excitability is lost in Kv1.3-/- cells, it is hypothesized that GLP-1R activation leads to an inhibition of Kv1.3 activity. My project focuses on describing the signaling pathway that leads to Kv1.3 inhibition upon GLP-1 stimulation. Previous reports conclude that GLP-1R activation in multiple tissues leads to a partial inhibition of potassium channels, usually via phosphorylation. To test this, I transfected Kv1.3 and the GLP-1R in a heterologous expression system (HEK293) and performed both electrophysiological and biochemical assays. GLP-1 stimulation leads to an overall decrease in currents generated by Kv1.3 without affecting the channel’s kinetic properties for activation, inactivation, or deactivation. This effect is lost in mutant versions of Kv1.3 that are resistant to Serine phosphorylation. In parallel, I performed an immunoprecipitation of Kv1.3 from transfected cells following GLP-1 stimulation. As revealed by immunoblotting, Kv1.3 protein extracted from cells co-expressing the GLP-1R show a marked increase in Serine/Threonine phosphorylation when compared to the control. Taken together, my results indicate that GLP-1R activation does indeed lead to Serine phosphorylation of Kv1.3, causing a partial inhibition of its activity without apparent changes in its kinetic properties. An exception would be the triple mutant S3A-Kv1.3, wherein the half-point to maximal activation (V1/2) shows a depolarizing shift without a reduction in the generated currents. Because of this, my results point to a role for S105 in the activation of Kv1.3 that is independent of ionic conductance. GLP-1-induced inhibition, however, is not as strong as the one previously observed in mitral cells. I hypothesize that the phosphorylation is mediated by cAMP-dependent PKA activation, but I discuss the possibility of different pathways affecting Kv1.3 that are part of the complex reaction cascade triggered by GLP-1. In conclusion, GLP-1-mediated phosphorylation of Kv1.3 might lead to the disincorporation of Kv1.3 channels from the membrane, effectively reducing the hyperpolarizing currents in the cell without affecting the kinetic properties of channel activity. My results point to possible therapeutic targets that may contribute to the modulation of mitral cell activity and, through it, olfactory ability and metabolic regulation.</marc:subfield>
      </marc:datafield>
      <marc:datafield tag="504" ind1=" " ind2=" ">
         <marc:subfield code="a">Includes bibliographical references.</marc:subfield>
      </marc:datafield>
      <marc:datafield tag="506" ind1=" " ind2=" ">
         <marc:subfield code="a">This thesis/dissertation may be embargoed for a limited time. Click access link to check availability.</marc:subfield>
      </marc:datafield>
      <marc:datafield tag="650" ind1=" " ind2="0">
         <marc:subfield code="a">Physiology</marc:subfield>
      </marc:datafield>
      <marc:datafield tag="650" ind1=" " ind2="0">
         <marc:subfield code="a">Neurosciences</marc:subfield>
      </marc:datafield>
      <marc:datafield tag="655" ind1=" " ind2="7">
         <marc:subfield code="a">Electronic Thesis or Dissertation.</marc:subfield>
         <marc:subfield code="2">dct</marc:subfield>
      </marc:datafield>
      <marc:datafield tag="690" ind1=" " ind2="7">
         <marc:subfield code="a">FSU Dissertations.</marc:subfield>
         <marc:subfield code="2">local</marc:subfield>
         <marc:subfield code="9">LOCAL</marc:subfield>
      </marc:datafield>
      <marc:datafield tag="710" ind1="2" ind2=" ">
         <marc:subfield code="a">Florida State University.</marc:subfield>
         <marc:subfield code="e">degree granting institution.</marc:subfield>
         <marc:subfield code="0">http://id.loc.gov/authorities/names/n80126238</marc:subfield>
      </marc:datafield>
      <marc:datafield tag="856" ind1="4" ind2="0">
         <marc:subfield code="3">DigiNole</marc:subfield>
         <marc:subfield code="u">https://purl.lib.fsu.edu/diginole/2022_LandiConde_fsu_0071N_17184</marc:subfield>
         <marc:subfield code="y">Connect to online content:</marc:subfield>
      </marc:datafield>
      <marc:datafield tag="796" ind1="1" ind2=" ">
         <marc:subfield code="a">Fadool, Debra Ann,</marc:subfield>
         <marc:subfield code="e">professor directing thesis</marc:subfield>
         <marc:subfield code="9">LOCAL</marc:subfield>
      </marc:datafield>
      <marc:datafield tag="796" ind1="1" ind2=" ">
         <marc:subfield code="a">Vincis, Roberto,</marc:subfield>
         <marc:subfield code="e">committee member</marc:subfield>
         <marc:subfield code="9">LOCAL</marc:subfield>
      </marc:datafield>
      <marc:datafield tag="796" ind1="1" ind2=" ">
         <marc:subfield code="a">Stagg, Scott,</marc:subfield>
         <marc:subfield code="e">committee member</marc:subfield>
         <marc:subfield code="9">LOCAL</marc:subfield>
      </marc:datafield>
      <marc:datafield tag="796" ind1="1" ind2=" ">
         <marc:subfield code="a">Lenhert, Steven John,</marc:subfield>
         <marc:subfield code="e">committee member</marc:subfield>
         <marc:subfield code="9">LOCAL</marc:subfield>
      </marc:datafield>
      <marc:datafield tag="796" ind1="1" ind2=" ">
         <marc:subfield code="a">Bertram, R.</marc:subfield>
         <marc:subfield code="q">(Richard),</marc:subfield>
         <marc:subfield code="e">committee member</marc:subfield>
         <marc:subfield code="9">LOCAL</marc:subfield>
      </marc:datafield>
      <marc:datafield tag="797" ind1="2" ind2=" ">
         <marc:subfield code="a">Florida State University.</marc:subfield>
         <marc:subfield code="b">Department of Biological Science.</marc:subfield>
         <marc:subfield code="9">LOCAL</marc:subfield>
      </marc:datafield>
      <marc:datafield tag="904" ind1=" " ind2=" ">
         <marc:subfield code="a">4</marc:subfield>
         <marc:subfield code="9">LOCAL</marc:subfield>
      </marc:datafield>
   </marc:record>