
   <marc:record>
      <marc:leader>     nam  22      i 4500</marc:leader>
      <marc:controlfield tag="006">m     o  d        </marc:controlfield>
      <marc:controlfield tag="007">cr |||||||||||</marc:controlfield>
      <marc:controlfield tag="008">      s2022    flu     obm   000 0 eng d</marc:controlfield>
      <marc:datafield tag="040" ind1=" " ind2=" ">
         <marc:subfield code="a">FDA</marc:subfield>
         <marc:subfield code="b">eng</marc:subfield>
         <marc:subfield code="e">rda</marc:subfield>
         <marc:subfield code="c">FDA</marc:subfield>
      </marc:datafield>
      <marc:datafield tag="050" ind1=" " ind2="4">
         <marc:subfield code="a">QD31.3</marc:subfield>
      </marc:datafield>
      <marc:datafield tag="100" ind1="1" ind2=" ">
         <marc:subfield code="a">Liu, Haoyu,</marc:subfield>
         <marc:subfield code="e">author</marc:subfield>
      </marc:datafield>
      <marc:datafield tag="245" ind1="1" ind2="0">
         <marc:subfield code="a">Understanding the Structure-Property Correlations in Fast-Ion Conductors and Ferroelectric Materials via Combined Magnetic Resonance and Computational Studies /</marc:subfield>
         <marc:subfield code="c">by Haoyu Liu</marc:subfield>
      </marc:datafield>
      <marc:datafield tag="264" ind1=" " ind2="1">
         <marc:subfield code="a">Tallahassee, Florida :</marc:subfield>
         <marc:subfield code="b">Florida State University,</marc:subfield>
         <marc:subfield code="c">2022</marc:subfield>
      </marc:datafield>
      <marc:datafield tag="300" ind1=" " ind2=" ">
         <marc:subfield code="a">1 online resource (138 pages)</marc:subfield>
      </marc:datafield>
      <marc:datafield tag="336" ind1=" " ind2=" ">
         <marc:subfield code="a">text</marc:subfield>
         <marc:subfield code="b">txt</marc:subfield>
         <marc:subfield code="2">rdacontent</marc:subfield>
      </marc:datafield>
      <marc:datafield tag="337" ind1=" " ind2=" ">
         <marc:subfield code="a">computer</marc:subfield>
         <marc:subfield code="b">c</marc:subfield>
         <marc:subfield code="2">rdamedia</marc:subfield>
      </marc:datafield>
      <marc:datafield tag="338" ind1=" " ind2=" ">
         <marc:subfield code="a">online resource</marc:subfield>
         <marc:subfield code="b">cr</marc:subfield>
         <marc:subfield code="2">rdacarrier</marc:subfield>
      </marc:datafield>
      <marc:datafield tag="347" ind1=" " ind2=" ">
         <marc:subfield code="a">text file</marc:subfield>
         <marc:subfield code="2">rdaft</marc:subfield>
      </marc:datafield>
      <marc:datafield tag="347" ind1=" " ind2=" ">
         <marc:subfield code="b">PDF</marc:subfield>
      </marc:datafield>
      <marc:datafield tag="538" ind1=" " ind2=" ">
         <marc:subfield code="a">System requirements: Adobe Reader or other PDF viewer.</marc:subfield>
      </marc:datafield>
      <marc:datafield tag="588" ind1=" " ind2=" ">
         <marc:subfield code="a">Description based on online resource; title from PDF title page.</marc:subfield>
      </marc:datafield>
      <marc:datafield tag="500" ind1=" " ind2=" ">
         <marc:subfield code="a">Extent pagination is PDF page count.</marc:subfield>
      </marc:datafield>
      <marc:datafield tag="500" ind1=" " ind2=" ">
         <marc:subfield code="a">Advisory committee: Yan-Yan Hu, Professor Directing Dissertation; Petru Andrei, University Representative; Susan Latturner, Committee Member; Lei Zhu, Committee Member.</marc:subfield>
      </marc:datafield>
      <marc:datafield tag="500" ind1=" " ind2=" ">
         <marc:subfield code="a">A Dissertation submitted to the Department of Chemistry and Biochemistry in partial fulfillment of the requirements for the degree of Doctor of Philosophy.</marc:subfield>
      </marc:datafield>
      <marc:datafield tag="500" ind1=" " ind2=" ">
         <marc:subfield code="a">Date of Defense: March 24, 2022.</marc:subfield>
      </marc:datafield>
      <marc:datafield tag="500" ind1=" " ind2=" ">
         <marc:subfield code="a">Keywords: DFT, Ferroelectric Materials, MRI, NMR, Solid Electrolyte.</marc:subfield>
      </marc:datafield>
      <marc:datafield tag="502" ind1=" " ind2=" ">
         <marc:subfield code="b">Ph.D.</marc:subfield>
         <marc:subfield code="c">Florida State University</marc:subfield>
         <marc:subfield code="d">2022.</marc:subfield>
      </marc:datafield>
      <marc:datafield tag="520" ind1="3" ind2=" ">
         <marc:subfield code="a">Short-range structural ordering is critical to functional properties such as ion migration and ferroelectricity. The discovery and development of high-performance functional materials rely on advanced characterization tools and theoretical models. This dissertation focuses on solid-state nuclear magnetic resonance spectroscopy (NMR) and imaging (MRI) studies of fast-ion conductors as solid electrolytes (SEs) and ferroelectric materials to understand the structure-property correlation, aided by computational investigations.All-solid-state batteries (ASSBs) which employ SEs, have gained much attention due to their improved safety and energy density compared with the current commercial liquid-electrolyte-based lithium-ion batteries. However, challenges such as limited power density, narrow electrochemical stability window, poor interfacial contact, and dendrite growth associated with current SEs urge an in-depth fundamental understanding of their working mechanism and strategies to address these challenges. The mechanism of dendrite formation and propagation in solid electrolytes is different from that in liquid systems, and the challenges in non-invasively tracking the process in real-time leave the exact mechanism elusive. In Chapters 2 and 3, dendrite growth in solids at both the interface and bulk of different depths in Li/ Li7La3Zr2O12 (LLZO) /Li solid cells is probed using three-dimensional in situ and ex situ MRI non-invasively. We show that the accumulation of Li microstructure kicks off from the surface of Li metal electrodes before hard shorting the Li/LLZO/Li cell. More importantly, we identified Li dendrite originated from both the interface and the bulk LLZO electrolyte, which is supported by quantitative experimental evidence from tracer-exchange NMR. Halide-based SEs recently gained much attention due to their improved ionic conductivity compared with oxide-based electrolytes and good chemical/electrochemical stability. Chapter 4 introduces a series of Br-doped Li3YCl6. XRD has shown increased lattice parameters, with broadened channels for Li+-ion conduction. 7Li, 35Cl, 79Br NMR are employed to study the local structure, and the results reveal distortion in the symmetry due to defect formation. Li3YCl4Br2 has short T1 relaxation time, which is an indicator of high Li+ ion mobility. NMR and AIMD calculations show that introducing Br into the Li3YCl6 structure changes it from a one-dimensional to a three-dimensional conductor. By revealing Li dendrite formation mechanisms and understanding the origins of fast Li+-ion conduction in SEs with combined experimental and computational studies, we hope to achieve rational designs of SEs for the next-generation batteries. The centrosymmetric polymorph of KNaNbOF5 undergoes a reconstructive transition from a rare A-site vacancy ordered perovskite to a unique non-perovskite high-temperature phase. Previously, the high-temperature phase was proposed to exhibit dynamical disorder with mixed occupancy of O and F on the anion sites owing to hopping rotations of the [NbOF5]2− octahedra. In Chapter 5, 19F NMR techniques demonstrate the dynamic anion configurations through this reconstructive transition. Based on NMR experiments and first-principle calculations, we conclude that the high-temperature phase exhibits Cmcm symmetry with hopping rotations of the [NbOF5]2− octahedra occurring only about the Fapical−Nb−O axis of the octahedra such that there are no O/F mixed occupancy anion sites. We use these results to refine the microscopic description of the reconstructive transition and its driving force. This work demonstrates the efficacy of 19F NMR techniques combined with electronic structure calculations to understand thermodynamically driven changes in heteroanionic materials. Solid-state NMR spectroscopy, microscopy, and relaxometry combined with computational investigations prove to be powerful to unveil structural modulation-property correlations providing insights and guidelines for new material discoveries.</marc:subfield>
      </marc:datafield>
      <marc:datafield tag="504" ind1=" " ind2=" ">
         <marc:subfield code="a">Includes bibliographical references.</marc:subfield>
      </marc:datafield>
      <marc:datafield tag="506" ind1=" " ind2=" ">
         <marc:subfield code="a">This thesis/dissertation may be embargoed for a limited time. Click access link to check availability.</marc:subfield>
      </marc:datafield>
      <marc:datafield tag="650" ind1=" " ind2="0">
         <marc:subfield code="a">Chemistry</marc:subfield>
      </marc:datafield>
      <marc:datafield tag="650" ind1=" " ind2="0">
         <marc:subfield code="a">Materials science</marc:subfield>
      </marc:datafield>
      <marc:datafield tag="655" ind1=" " ind2="7">
         <marc:subfield code="a">Electronic Thesis or Dissertation.</marc:subfield>
         <marc:subfield code="2">dct</marc:subfield>
      </marc:datafield>
      <marc:datafield tag="690" ind1=" " ind2="7">
         <marc:subfield code="a">FSU Dissertations.</marc:subfield>
         <marc:subfield code="2">local</marc:subfield>
         <marc:subfield code="9">LOCAL</marc:subfield>
      </marc:datafield>
      <marc:datafield tag="710" ind1="2" ind2=" ">
         <marc:subfield code="a">Florida State University.</marc:subfield>
         <marc:subfield code="e">degree granting institution.</marc:subfield>
         <marc:subfield code="0">http://id.loc.gov/authorities/names/n80126238</marc:subfield>
      </marc:datafield>
      <marc:datafield tag="856" ind1="4" ind2="0">
         <marc:subfield code="3">DigiNole</marc:subfield>
         <marc:subfield code="u">https://purl.lib.fsu.edu/diginole/2022_Liu_fsu_0071E_17029</marc:subfield>
         <marc:subfield code="y">Connect to online content:</marc:subfield>
      </marc:datafield>
      <marc:datafield tag="796" ind1="1" ind2=" ">
         <marc:subfield code="a">Hu, Yan-yan,</marc:subfield>
         <marc:subfield code="e">professor directing dissertation</marc:subfield>
         <marc:subfield code="9">LOCAL</marc:subfield>
      </marc:datafield>
      <marc:datafield tag="796" ind1="1" ind2=" ">
         <marc:subfield code="a">Andrei, Petru,</marc:subfield>
         <marc:subfield code="e">university representative</marc:subfield>
         <marc:subfield code="9">LOCAL</marc:subfield>
      </marc:datafield>
      <marc:datafield tag="796" ind1="1" ind2=" ">
         <marc:subfield code="a">Latturner, Susan,</marc:subfield>
         <marc:subfield code="e">committee member</marc:subfield>
         <marc:subfield code="9">LOCAL</marc:subfield>
      </marc:datafield>
      <marc:datafield tag="796" ind1="1" ind2=" ">
         <marc:subfield code="a">Zhu, Lei,</marc:subfield>
         <marc:subfield code="d">1978-</marc:subfield>
         <marc:subfield code="e">committee member</marc:subfield>
         <marc:subfield code="9">LOCAL</marc:subfield>
      </marc:datafield>
      <marc:datafield tag="797" ind1="2" ind2=" ">
         <marc:subfield code="a">Florida State University.</marc:subfield>
         <marc:subfield code="b">Department of Chemistry and Biochemistry.</marc:subfield>
         <marc:subfield code="9">LOCAL</marc:subfield>
      </marc:datafield>
      <marc:datafield tag="904" ind1=" " ind2=" ">
         <marc:subfield code="a">4</marc:subfield>
         <marc:subfield code="9">LOCAL</marc:subfield>
      </marc:datafield>
   </marc:record>