
   <marc:record>
      <marc:leader>     nam  22      i 4500</marc:leader>
      <marc:controlfield tag="006">m     o  d        </marc:controlfield>
      <marc:controlfield tag="007">cr |||||||||||</marc:controlfield>
      <marc:controlfield tag="008">      s2022    flu     obm   000 0 eng d</marc:controlfield>
      <marc:datafield tag="040" ind1=" " ind2=" ">
         <marc:subfield code="a">FDA</marc:subfield>
         <marc:subfield code="b">eng</marc:subfield>
         <marc:subfield code="e">rda</marc:subfield>
         <marc:subfield code="c">FDA</marc:subfield>
      </marc:datafield>
      <marc:datafield tag="050" ind1=" " ind2="4">
         <marc:subfield code="a">QH529</marc:subfield>
      </marc:datafield>
      <marc:datafield tag="100" ind1="1" ind2=" ">
         <marc:subfield code="a">Longley, Kasey,</marc:subfield>
         <marc:subfield code="e">author</marc:subfield>
      </marc:datafield>
      <marc:datafield tag="245" ind1="1" ind2="0">
         <marc:subfield code="a">Successful Aging :</marc:subfield>
         <marc:subfield code="b">A Comprehensive Outcome and Marital Relationship Processes /</marc:subfield>
         <marc:subfield code="c">by Kasey Longley</marc:subfield>
      </marc:datafield>
      <marc:datafield tag="264" ind1=" " ind2="1">
         <marc:subfield code="a">Tallahassee, Florida :</marc:subfield>
         <marc:subfield code="b">Florida State University,</marc:subfield>
         <marc:subfield code="c">2022</marc:subfield>
      </marc:datafield>
      <marc:datafield tag="300" ind1=" " ind2=" ">
         <marc:subfield code="a">1 online resource (105 pages)</marc:subfield>
      </marc:datafield>
      <marc:datafield tag="336" ind1=" " ind2=" ">
         <marc:subfield code="a">text</marc:subfield>
         <marc:subfield code="b">txt</marc:subfield>
         <marc:subfield code="2">rdacontent</marc:subfield>
      </marc:datafield>
      <marc:datafield tag="337" ind1=" " ind2=" ">
         <marc:subfield code="a">computer</marc:subfield>
         <marc:subfield code="b">c</marc:subfield>
         <marc:subfield code="2">rdamedia</marc:subfield>
      </marc:datafield>
      <marc:datafield tag="338" ind1=" " ind2=" ">
         <marc:subfield code="a">online resource</marc:subfield>
         <marc:subfield code="b">cr</marc:subfield>
         <marc:subfield code="2">rdacarrier</marc:subfield>
      </marc:datafield>
      <marc:datafield tag="347" ind1=" " ind2=" ">
         <marc:subfield code="a">text file</marc:subfield>
         <marc:subfield code="2">rdaft</marc:subfield>
      </marc:datafield>
      <marc:datafield tag="347" ind1=" " ind2=" ">
         <marc:subfield code="b">PDF</marc:subfield>
      </marc:datafield>
      <marc:datafield tag="538" ind1=" " ind2=" ">
         <marc:subfield code="a">System requirements: Adobe Reader or other PDF viewer.</marc:subfield>
      </marc:datafield>
      <marc:datafield tag="588" ind1=" " ind2=" ">
         <marc:subfield code="a">Description based on online resource; title from PDF title page.</marc:subfield>
      </marc:datafield>
      <marc:datafield tag="500" ind1=" " ind2=" ">
         <marc:subfield code="a">Extent pagination is PDF page count.</marc:subfield>
      </marc:datafield>
      <marc:datafield tag="500" ind1=" " ind2=" ">
         <marc:subfield code="a">Advisory committee: Joseph G. Grzywacz, Professor Directing Dissertation; Amy Burdette, University Representative; Ming Cui, Committee Member; Marsha Rehm, Committee Member.</marc:subfield>
      </marc:datafield>
      <marc:datafield tag="500" ind1=" " ind2=" ">
         <marc:subfield code="a">A Dissertation submitted to the Department of Human Development and Family Science in partial fulfillment of the requirements for the degree of Doctor of Philosophy.</marc:subfield>
      </marc:datafield>
      <marc:datafield tag="500" ind1=" " ind2=" ">
         <marc:subfield code="a">Date of Defense: March 7, 2022.</marc:subfield>
      </marc:datafield>
      <marc:datafield tag="500" ind1=" " ind2=" ">
         <marc:subfield code="a">Keywords: Aging, Health, Holistic health, Marriage, Relationship processes, Successful aging.</marc:subfield>
      </marc:datafield>
      <marc:datafield tag="502" ind1=" " ind2=" ">
         <marc:subfield code="b">Ph.D.</marc:subfield>
         <marc:subfield code="c">Florida State University</marc:subfield>
         <marc:subfield code="d">2022.</marc:subfield>
      </marc:datafield>
      <marc:datafield tag="520" ind1="3" ind2=" ">
         <marc:subfield code="a">The projected increase in the population of older adults (ages 65 and older) brings with it concerns about unavoidable loss through age-related chronic illnesses like dementia, cancer, or arthritis (Jaul &amp; Barron, 2017). Successful aging is a multidimensional concept that acknowledges potential morbidity but offers a compelling alternative to unavoidable loss by incorporating dimensions of aging other than physical health (Rowe &amp; Kahn, 1998). As successful aging is an inherently multidimensional concept it should not be limited to being explored in a unidimensional manner. However, there have been few attempts to study it comprehensively. Instead, many studies tend to examine unidimensional aspects of successful aging, particularly focusing on physical health (Cosco et al., 2014). Latent variable analysis offers a methodological approach that allows for a flexible understanding of successful aging. However, few studies have utilized such an approach (Mana &amp; Bezdicek, 2020), leaving it ripe for further development.There is potential in utilizing the marital relationship to promote successful aging through improving relationship processes. The marital relationship, specifically, is a critical focus as it has the possibility to shape health outcomes through the distinct processes of support and strain (House et al., 1988). However, outside of a few exceptions (Ko et al., 2007; Tracy &amp; Utz, 2020), there has been little exploration of the marital relationship processes that may affect a person’s overall health and well-being and subsequent ability to age well. Based on the assumption that successful aging is a multidimensional concept, these two studies work together to better understand the multiple factors contributing to successful aging, particularly the marital processes of support and strain. As such, both papers are interrelated. Study 1 was designed to apply the LPA statistical method as a strategy to produce a comprehensive outcome for successful aging. The samples included N=2,257 participants from the MIDUS 2 and N=3,351 participants from the MIDUS Refresher. Latent profile analysis (LPA), a statistical method that allows for the grouping of individuals without using preconceived determinants, (Gibson, 1963), was applied to various indicators of the dimensions of physical, mental, and cognitive function and active engagement with life. To evaluate the criterion validity of the identified latent profiles in the MIDUS 2, the same measures were analyzed in a demographically matched cohort of adults from the MIDUS Refresher. To evaluate the content validity of the profiles, demographics including race, age, sex, ethnicity, and educational attainment were explored with the profile assignment for both MIDUS 2 and MIDUS Refresher, respectively. Results from Study 1 indicated four distinct profiles two demographically matched data sets: the MIDUS 2 and the MIDUS Refresher. These profiles were reproduced in a demographically similar cohort of adults. Finally, the demographic correlates of the profiles of successful aging do follow patterns like those observed in single dimensional assessments of health, and identified latent profiles generally comport with descriptions of health in the general population. The results from Study 1 provided an expanded understanding of successful aging by verifying the validity of the latent profiles. Study 2 used the profiles created in Study 1 and multinomial logistic regression to explore the contributing factors for spousal support and strain at time one (MIDUS 1), on the successful aging profile at time two (MIDUS 2). The goal of this study was to explore the impact of the relationship processes of marital support and strain on successful aging. The final sample included n=868 participants from the MIDUS 1 and MIDUS 2 who were married at time one and had been married only once by time two. Marital dissolution (i.e., separation, divorce, widowhood) by time two was also explored as a covariate. Potential gender differences in the association of spousal support and spousal strain with successful aging were also explored as an interaction model. Results from the multinomial logistic regression model for Study 2 indicated that spousal support at time one was not associated with less detrimental profiles of successful aging at time two, and spousal strain at time one was associated with more detrimental profiles of successful aging at time two. There was no significant relationship between spousal support, spousal strain, gender, and successful aging profiles in the interaction model. This study exemplified the potential to apply family science measures to a multidimensional successful aging outcome.</marc:subfield>
      </marc:datafield>
      <marc:datafield tag="504" ind1=" " ind2=" ">
         <marc:subfield code="a">Includes bibliographical references.</marc:subfield>
      </marc:datafield>
      <marc:datafield tag="650" ind1=" " ind2="0">
         <marc:subfield code="a">Aging</marc:subfield>
      </marc:datafield>
      <marc:datafield tag="650" ind1=" " ind2="0">
         <marc:subfield code="a">Medical sciences</marc:subfield>
      </marc:datafield>
      <marc:datafield tag="650" ind1=" " ind2="0">
         <marc:subfield code="a">Mental health</marc:subfield>
      </marc:datafield>
      <marc:datafield tag="655" ind1=" " ind2="7">
         <marc:subfield code="a">Electronic Thesis or Dissertation.</marc:subfield>
         <marc:subfield code="2">dct</marc:subfield>
      </marc:datafield>
      <marc:datafield tag="690" ind1=" " ind2="7">
         <marc:subfield code="a">FSU Dissertations.</marc:subfield>
         <marc:subfield code="2">local</marc:subfield>
         <marc:subfield code="9">LOCAL</marc:subfield>
      </marc:datafield>
      <marc:datafield tag="710" ind1="2" ind2=" ">
         <marc:subfield code="a">Florida State University.</marc:subfield>
         <marc:subfield code="e">degree granting institution.</marc:subfield>
         <marc:subfield code="0">http://id.loc.gov/authorities/names/n80126238</marc:subfield>
      </marc:datafield>
      <marc:datafield tag="856" ind1="4" ind2="0">
         <marc:subfield code="3">DigiNole</marc:subfield>
         <marc:subfield code="u">https://purl.lib.fsu.edu/diginole/2022_Longley_fsu_0071E_17230</marc:subfield>
         <marc:subfield code="y">Connect to online content:</marc:subfield>
      </marc:datafield>
      <marc:datafield tag="796" ind1="1" ind2=" ">
         <marc:subfield code="a">Grzywacz, Joseph G.,</marc:subfield>
         <marc:subfield code="e">professor directing dissertation</marc:subfield>
         <marc:subfield code="9">LOCAL</marc:subfield>
      </marc:datafield>
      <marc:datafield tag="796" ind1="1" ind2=" ">
         <marc:subfield code="a">Burdette, Amy M.,</marc:subfield>
         <marc:subfield code="e">university representative</marc:subfield>
         <marc:subfield code="9">LOCAL</marc:subfield>
      </marc:datafield>
      <marc:datafield tag="796" ind1="1" ind2=" ">
         <marc:subfield code="a">Cui, Ming,</marc:subfield>
         <marc:subfield code="d">1971-</marc:subfield>
         <marc:subfield code="e">committee member</marc:subfield>
         <marc:subfield code="9">LOCAL</marc:subfield>
      </marc:datafield>
      <marc:datafield tag="796" ind1="1" ind2=" ">
         <marc:subfield code="a">Rehm, Marsha Lynn,</marc:subfield>
         <marc:subfield code="e">committee member</marc:subfield>
         <marc:subfield code="9">LOCAL</marc:subfield>
      </marc:datafield>
      <marc:datafield tag="797" ind1="2" ind2=" ">
         <marc:subfield code="a">Florida State University.</marc:subfield>
         <marc:subfield code="b">Department of Human Development and Family Science.</marc:subfield>
         <marc:subfield code="9">LOCAL</marc:subfield>
      </marc:datafield>
      <marc:datafield tag="904" ind1=" " ind2=" ">
         <marc:subfield code="a">0</marc:subfield>
         <marc:subfield code="9">LOCAL</marc:subfield>
      </marc:datafield>
   </marc:record>