
   <marc:record>
      <marc:leader>     nam  22      i 4500</marc:leader>
      <marc:controlfield tag="006">m     o  d        </marc:controlfield>
      <marc:controlfield tag="007">cr |||||||||||</marc:controlfield>
      <marc:controlfield tag="008">      s2022    flu     obm   000 0 eng d</marc:controlfield>
      <marc:datafield tag="040" ind1=" " ind2=" ">
         <marc:subfield code="a">FDA</marc:subfield>
         <marc:subfield code="b">eng</marc:subfield>
         <marc:subfield code="e">rda</marc:subfield>
         <marc:subfield code="c">FDA</marc:subfield>
      </marc:datafield>
      <marc:datafield tag="050" ind1=" " ind2="4">
         <marc:subfield code="a">QD31.3</marc:subfield>
      </marc:datafield>
      <marc:datafield tag="100" ind1="1" ind2=" ">
         <marc:subfield code="a">Lteif, Sandrine,</marc:subfield>
         <marc:subfield code="e">author</marc:subfield>
      </marc:datafield>
      <marc:datafield tag="245" ind1="1" ind2="0">
         <marc:subfield code="a">Interactions between Polyelectrolytes on a Surface, in Aqueous Solutions and Nanocomposites /</marc:subfield>
         <marc:subfield code="c">by Sandrine Lteif</marc:subfield>
      </marc:datafield>
      <marc:datafield tag="264" ind1=" " ind2="1">
         <marc:subfield code="a">Tallahassee, Florida :</marc:subfield>
         <marc:subfield code="b">Florida State University,</marc:subfield>
         <marc:subfield code="c">2022</marc:subfield>
      </marc:datafield>
      <marc:datafield tag="300" ind1=" " ind2=" ">
         <marc:subfield code="a">1 online resource (197 pages)</marc:subfield>
      </marc:datafield>
      <marc:datafield tag="336" ind1=" " ind2=" ">
         <marc:subfield code="a">text</marc:subfield>
         <marc:subfield code="b">txt</marc:subfield>
         <marc:subfield code="2">rdacontent</marc:subfield>
      </marc:datafield>
      <marc:datafield tag="337" ind1=" " ind2=" ">
         <marc:subfield code="a">computer</marc:subfield>
         <marc:subfield code="b">c</marc:subfield>
         <marc:subfield code="2">rdamedia</marc:subfield>
      </marc:datafield>
      <marc:datafield tag="338" ind1=" " ind2=" ">
         <marc:subfield code="a">online resource</marc:subfield>
         <marc:subfield code="b">cr</marc:subfield>
         <marc:subfield code="2">rdacarrier</marc:subfield>
      </marc:datafield>
      <marc:datafield tag="347" ind1=" " ind2=" ">
         <marc:subfield code="a">text file</marc:subfield>
         <marc:subfield code="2">rdaft</marc:subfield>
      </marc:datafield>
      <marc:datafield tag="347" ind1=" " ind2=" ">
         <marc:subfield code="b">PDF</marc:subfield>
      </marc:datafield>
      <marc:datafield tag="538" ind1=" " ind2=" ">
         <marc:subfield code="a">System requirements: Adobe Reader or other PDF viewer.</marc:subfield>
      </marc:datafield>
      <marc:datafield tag="588" ind1=" " ind2=" ">
         <marc:subfield code="a">Description based on online resource; title from PDF title page.</marc:subfield>
      </marc:datafield>
      <marc:datafield tag="500" ind1=" " ind2=" ">
         <marc:subfield code="a">Extent pagination is PDF page count.</marc:subfield>
      </marc:datafield>
      <marc:datafield tag="500" ind1=" " ind2=" ">
         <marc:subfield code="a">Advisory committee: Joseph B. Schlenoff, Professor Directing Dissertation; Bruce Locke, University Representative; Justin Kennemur, Committee Member; Hedi Mattoussi, Committee Member.</marc:subfield>
      </marc:datafield>
      <marc:datafield tag="500" ind1=" " ind2=" ">
         <marc:subfield code="a">A Dissertation submitted to the Department of Chemistry and Biochemistry in partial fulfillment of the requirements for the degree of Doctor of Philosophy.</marc:subfield>
      </marc:datafield>
      <marc:datafield tag="500" ind1=" " ind2=" ">
         <marc:subfield code="a">Date of Defense: March 31, 2022.</marc:subfield>
      </marc:datafield>
      <marc:datafield tag="502" ind1=" " ind2=" ">
         <marc:subfield code="b">Ph.D.</marc:subfield>
         <marc:subfield code="c">Florida State University</marc:subfield>
         <marc:subfield code="d">2022.</marc:subfield>
      </marc:datafield>
      <marc:datafield tag="520" ind1="3" ind2=" ">
         <marc:subfield code="a">The interactions of charged polymers, polyelectrolytes, on surfaces and in solution have gained a lot of attention throughout the years. Depositing alternating layers of oppositely charged polyelectrolytes forms multilayers, PEMUs. Their association in solution leads to phase separations forming materials termed polyelectrolyte complexes, PECs. The repeat unit of the oppositely charged polyelectrolyte can be varied. The functional group linked to the repeat units dictates the strength of ion pairing. Their self-assembly in solution creates polymer nanoparticles and, in a network, produces polymer nanocomposites. These materials have been used for a variety of applications such as coatings, electronic devices, and drug delivery systems. Adding a certain salt concentration to the material can influence the polymer/polymer interaction within the complex. This work features three main interfaces at which polyelectrolyte interactions were studied: on a substrate through PEMUs, in solution through polymer nanoparticles and in nanocomposites. The pairing strength of a polythiouronium polyelectrolyte having a positively charged thiouronium group, like the guanidinium, was evaluated by the formation of PEMUs at various salt concentrations. Polyguanidiniums such as polyarginine are known to form like-charge ion pairings and hydrogen bonding. The same unusual characteristics cause the strong interactions of the polythiouronium with polyanions. High concentrations of salt dissociated the strong polythiouronium/polyanions complexes. The polythiouronium was selected to seek another example of a strong polycation and to form a PEMU with polyzwitterions, which are known for their weakly interacting strength and net-neutral charge. The second interface consists of the self-assembly of a polydimethylsiloxane (PDMS) with positively charged end groups in solution, and as a nanofiller, in a nanocomposite. Polydimethylsiloxane is biocompatible and highly hydrophobic; however, when self-assembled exhibits poor stability and tends to collapse. Introducing a glassy shell of polystyrene sulfonate enhances the stability of these polymer nanoparticles and improves the mechanical properties of the nanocomposite which exhibited thermal resistance. Using x-ray scattering and atomic force microscopy, the nanocomposite’s unique morphology was deduced. Its hydrophobic properties were probed using a solvatochromic dye and were used to encapsulate inorganic nanoparticles. The gold nanoparticles are hydrophobically capped and they appeared to be encapsulated within the PDMS core. Their assembly was studied by x-ray scattering in the presence of a PSS shell in solution and the loading capability of the nanoparticle was determined by transmission electron microscopy (TEM). The newly formed material is a novel polymer nanoparticle/polymer nanocomposite that takes advantage of the PDMS malleability and biocompatibility. The nanoparticle can thus be used for biological applications such as bio-imaging and sensing. The last section compares the interactions of different polycations with lipid layers (monolayer or bilayer) to mimic the mechanism of surface sterilization. The functional group varied between a primary or tertiary ammonium, a guanidinium and two different thiouronium groups. Ammoniums are known for their ability to disrupt lipid bilayers and for their use in disinfectants. Polyarginine, a strong positively charged polymer, is recognized for its cell-penetrating ability due to its unique salt-bridge like interactions. Radioactive unilamellar phosphocholine vesicles were prepared and used to deposit a monolayer on a hydrophobic scintillator and a bilayer on a hydrophilic one. The interactions of the layers and the deposition were monitored by radiocounting. Polyarginine and the polymer with a higher composition of a hydrophobic thiouronium exhibited the strongest interactions. These investigations of the interactions between polyelectrolytes at different interfaces serve as a guide to design a variety of functional materials. Understanding the structure-property polymer relationship allows the build-up of materials with tuned properties.</marc:subfield>
      </marc:datafield>
      <marc:datafield tag="504" ind1=" " ind2=" ">
         <marc:subfield code="a">Includes bibliographical references.</marc:subfield>
      </marc:datafield>
      <marc:datafield tag="506" ind1=" " ind2=" ">
         <marc:subfield code="a">This thesis/dissertation may be embargoed for a limited time. Click access link to check availability.</marc:subfield>
      </marc:datafield>
      <marc:datafield tag="650" ind1=" " ind2="0">
         <marc:subfield code="a">Chemistry</marc:subfield>
      </marc:datafield>
      <marc:datafield tag="655" ind1=" " ind2="7">
         <marc:subfield code="a">Electronic Thesis or Dissertation.</marc:subfield>
         <marc:subfield code="2">dct</marc:subfield>
      </marc:datafield>
      <marc:datafield tag="690" ind1=" " ind2="7">
         <marc:subfield code="a">FSU Dissertations.</marc:subfield>
         <marc:subfield code="2">local</marc:subfield>
         <marc:subfield code="9">LOCAL</marc:subfield>
      </marc:datafield>
      <marc:datafield tag="710" ind1="2" ind2=" ">
         <marc:subfield code="a">Florida State University.</marc:subfield>
         <marc:subfield code="e">degree granting institution.</marc:subfield>
         <marc:subfield code="0">http://id.loc.gov/authorities/names/n80126238</marc:subfield>
      </marc:datafield>
      <marc:datafield tag="856" ind1="4" ind2="0">
         <marc:subfield code="3">DigiNole</marc:subfield>
         <marc:subfield code="u">https://purl.lib.fsu.edu/diginole/2022_Lteif_fsu_0071E_17024</marc:subfield>
         <marc:subfield code="y">Connect to online content:</marc:subfield>
      </marc:datafield>
      <marc:datafield tag="796" ind1="1" ind2=" ">
         <marc:subfield code="a">Schlenoff, Joseph B.,</marc:subfield>
         <marc:subfield code="e">professor directing dissertation</marc:subfield>
         <marc:subfield code="9">LOCAL</marc:subfield>
      </marc:datafield>
      <marc:datafield tag="796" ind1="1" ind2=" ">
         <marc:subfield code="a">Locke, Bruce R.,</marc:subfield>
         <marc:subfield code="e">university representative</marc:subfield>
         <marc:subfield code="9">LOCAL</marc:subfield>
      </marc:datafield>
      <marc:datafield tag="796" ind1="1" ind2=" ">
         <marc:subfield code="a">Kennemur, Justin Glenn,</marc:subfield>
         <marc:subfield code="e">committee member</marc:subfield>
         <marc:subfield code="9">LOCAL</marc:subfield>
      </marc:datafield>
      <marc:datafield tag="796" ind1="1" ind2=" ">
         <marc:subfield code="a">Mattoussi, Hedi,</marc:subfield>
         <marc:subfield code="e">committee member</marc:subfield>
         <marc:subfield code="9">LOCAL</marc:subfield>
      </marc:datafield>
      <marc:datafield tag="797" ind1="2" ind2=" ">
         <marc:subfield code="a">Florida State University.</marc:subfield>
         <marc:subfield code="b">Department of Chemistry and Biochemistry.</marc:subfield>
         <marc:subfield code="9">LOCAL</marc:subfield>
      </marc:datafield>
      <marc:datafield tag="904" ind1=" " ind2=" ">
         <marc:subfield code="a">4</marc:subfield>
         <marc:subfield code="9">LOCAL</marc:subfield>
      </marc:datafield>
   </marc:record>