
   <marc:record>
      <marc:leader>     nam  22      i 4500</marc:leader>
      <marc:controlfield tag="006">m     o  d        </marc:controlfield>
      <marc:controlfield tag="007">cr |||||||||||</marc:controlfield>
      <marc:controlfield tag="008">      s2022    flu     obm   000 0 eng d</marc:controlfield>
      <marc:datafield tag="040" ind1=" " ind2=" ">
         <marc:subfield code="a">FDA</marc:subfield>
         <marc:subfield code="b">eng</marc:subfield>
         <marc:subfield code="e">rda</marc:subfield>
         <marc:subfield code="c">FDA</marc:subfield>
      </marc:datafield>
      <marc:datafield tag="050" ind1=" " ind2="4">
         <marc:subfield code="a">QH506</marc:subfield>
      </marc:datafield>
      <marc:datafield tag="100" ind1="1" ind2=" ">
         <marc:subfield code="a">Ma, Siming,</marc:subfield>
         <marc:subfield code="e">author</marc:subfield>
      </marc:datafield>
      <marc:datafield tag="245" ind1="1" ind2="0">
         <marc:subfield code="a">Characterization of the Subcellular Localization of ORF52/KicGAS and Functional Roles during the Life Cycles of Kaposi's Sarcoma-Associated Herpesvirus /</marc:subfield>
         <marc:subfield code="c">by Siming Ma</marc:subfield>
      </marc:datafield>
      <marc:datafield tag="264" ind1=" " ind2="1">
         <marc:subfield code="a">Tallahassee, Florida :</marc:subfield>
         <marc:subfield code="b">Florida State University,</marc:subfield>
         <marc:subfield code="c">2022</marc:subfield>
      </marc:datafield>
      <marc:datafield tag="300" ind1=" " ind2=" ">
         <marc:subfield code="a">1 online resource (134 pages)</marc:subfield>
      </marc:datafield>
      <marc:datafield tag="336" ind1=" " ind2=" ">
         <marc:subfield code="a">text</marc:subfield>
         <marc:subfield code="b">txt</marc:subfield>
         <marc:subfield code="2">rdacontent</marc:subfield>
      </marc:datafield>
      <marc:datafield tag="337" ind1=" " ind2=" ">
         <marc:subfield code="a">computer</marc:subfield>
         <marc:subfield code="b">c</marc:subfield>
         <marc:subfield code="2">rdamedia</marc:subfield>
      </marc:datafield>
      <marc:datafield tag="338" ind1=" " ind2=" ">
         <marc:subfield code="a">online resource</marc:subfield>
         <marc:subfield code="b">cr</marc:subfield>
         <marc:subfield code="2">rdacarrier</marc:subfield>
      </marc:datafield>
      <marc:datafield tag="347" ind1=" " ind2=" ">
         <marc:subfield code="a">text file</marc:subfield>
         <marc:subfield code="2">rdaft</marc:subfield>
      </marc:datafield>
      <marc:datafield tag="347" ind1=" " ind2=" ">
         <marc:subfield code="b">PDF</marc:subfield>
      </marc:datafield>
      <marc:datafield tag="538" ind1=" " ind2=" ">
         <marc:subfield code="a">System requirements: Adobe Reader or other PDF viewer.</marc:subfield>
      </marc:datafield>
      <marc:datafield tag="588" ind1=" " ind2=" ">
         <marc:subfield code="a">Description based on online resource; title from PDF title page.</marc:subfield>
      </marc:datafield>
      <marc:datafield tag="500" ind1=" " ind2=" ">
         <marc:subfield code="a">Extent pagination is PDF page count.</marc:subfield>
      </marc:datafield>
      <marc:datafield tag="500" ind1=" " ind2=" ">
         <marc:subfield code="a">Advisory committee: Fanxiu Zhu, Professor Directing Dissertation; Cathy W. Levenson, University Representative; Jonathan H. Dennis, Committee Member; Kathryn M. Jones, Committee Member; Hengli Tang, Committee Member.</marc:subfield>
      </marc:datafield>
      <marc:datafield tag="500" ind1=" " ind2=" ">
         <marc:subfield code="a">A Dissertation submitted to the Department of Biological Science in partial fulfillment of the requirements for the degree of Doctor of Philosophy.</marc:subfield>
      </marc:datafield>
      <marc:datafield tag="500" ind1=" " ind2=" ">
         <marc:subfield code="a">Date of Defense: April 4, 2022.</marc:subfield>
      </marc:datafield>
      <marc:datafield tag="500" ind1=" " ind2=" ">
         <marc:subfield code="a">Keywords: cGAS, CRM1, KSHV, localization, NES, ORF52.</marc:subfield>
      </marc:datafield>
      <marc:datafield tag="502" ind1=" " ind2=" ">
         <marc:subfield code="b">Ph.D.</marc:subfield>
         <marc:subfield code="c">Florida State University</marc:subfield>
         <marc:subfield code="d">2022.</marc:subfield>
      </marc:datafield>
      <marc:datafield tag="520" ind1="3" ind2=" ">
         <marc:subfield code="a">Kaposi’s sarcoma-associated herpesvirus (KSHV) is a gammaherpesvirus that causes Kaposi’s sarcoma (KS) and two lymphoproliferative diseases. We previously reported KSHV ORF52/KicGAS (KSHV inhibitor of cGAS) to inhibit cGAS (cyclic GMP-AMP synthase), the principal sensor of cytosolic DNA. Compared to its target protein, cGAS, whose intracellular localization is closely regulated, the predicted molecular weight of ORF52 is relatively small (14 kDa) but remains excluded from the nucleus. As a late-phased lytic protein of KSHV, we also previously reported that ORF52 is required for progeny viral production, likely during virion assembly, a process that takes place in the cytoplasm of host cells. Thus, we speculated its controlled localization to be important for the proper functioning of ORF52. We first performed extensive microscopy and characterized the intracellular localization of KSHV ORF52 in detail. Under different experimental conditions, we observed primarily homogeneous localization of the protein in the cytoplasm, but also saw different patterns of bright focus, perinuclear halo, or wire-loop bundling in a minor population of expressing cells. Furthermore, we confirmed the focus pattern was likely formed by ORF52:DNA condensation, which was due to relocalization of cytoplasmic ORF52 signal induced by cytosolic DNA. Looking into the underlying molecular controls, we located a region near the N-terminus that is critical for the exclusively cytoplasmic localization of ORF52. Further analyses revealed two CRM1-dependent nuclear export signals (NESs), one at the N-terminal domain satisfying a PIK-NES, which is functionally more important. Similar NESs were also identified in other γ-2 (RRV, MHV68, HVS, EHV-2, and BHV-6), but not in γ-1 herpesviruses (EBV, MaHV4). Point mutation at the nuclear-localized EBV ORF52 (BLRF2) at S36 to hydrophobic residues enables relocations to the cytoplasm, suggesting the designated area to be essential for the localization of gammaherpesviral ORF52s, but evolutionarily bifurcated at genus level. Interestingly, even though there are two functional NESs were recognized in it, we noticed that KSHV ORF52 remained cytoplasmic upon treatment of Leptomycin B (LMB), a CRM1 inhibitor. Furthermore, we also observed inconsistencies in response to LMB between KSHV ORF52 and its truncational mutants, as well as among its homologues, suggesting additional controls to the localization that are specific to KSHV. In our attempt to explain this phenomenon, we performed nuclear export reporter assays and mRNA-exporter luciferase reporter assays only to find KSHV ORF52 may inhibit CRM1-mediated nuclear export. Finally, we tested KSHV ORF52 mutants for its inhibition of cGAS-mediated-IFN response, inhibition of CRM1-mediated nuclear export, production of infectious KSHV progeny virion during viral reactivation, and enhancement of microtubule cytoskeleton bundling/polymerization. In each experiment, we observed the key residues for NES that are critical to the cytoplasmic localization to be required. Altogether, these data suggested versatile functions of KSHV ORF52 and the importance of intracellular localization for its normal functioning in the KSHV life cycle, which shed light on future studies on KSVH-associated pathogenesis.</marc:subfield>
      </marc:datafield>
      <marc:datafield tag="504" ind1=" " ind2=" ">
         <marc:subfield code="a">Includes bibliographical references.</marc:subfield>
      </marc:datafield>
      <marc:datafield tag="650" ind1=" " ind2="0">
         <marc:subfield code="a">Molecular biology</marc:subfield>
      </marc:datafield>
      <marc:datafield tag="650" ind1=" " ind2="0">
         <marc:subfield code="a">Virology</marc:subfield>
      </marc:datafield>
      <marc:datafield tag="655" ind1=" " ind2="7">
         <marc:subfield code="a">Electronic Thesis or Dissertation.</marc:subfield>
         <marc:subfield code="2">dct</marc:subfield>
      </marc:datafield>
      <marc:datafield tag="690" ind1=" " ind2="7">
         <marc:subfield code="a">FSU Dissertations.</marc:subfield>
         <marc:subfield code="2">local</marc:subfield>
         <marc:subfield code="9">LOCAL</marc:subfield>
      </marc:datafield>
      <marc:datafield tag="710" ind1="2" ind2=" ">
         <marc:subfield code="a">Florida State University.</marc:subfield>
         <marc:subfield code="e">degree granting institution.</marc:subfield>
         <marc:subfield code="0">http://id.loc.gov/authorities/names/n80126238</marc:subfield>
      </marc:datafield>
      <marc:datafield tag="856" ind1="4" ind2="0">
         <marc:subfield code="3">DigiNole</marc:subfield>
         <marc:subfield code="u">https://purl.lib.fsu.edu/diginole/2022_Ma_fsu_0071E_17096</marc:subfield>
         <marc:subfield code="y">Connect to online content:</marc:subfield>
      </marc:datafield>
      <marc:datafield tag="796" ind1="1" ind2=" ">
         <marc:subfield code="a">Zhu, Fanxiu,</marc:subfield>
         <marc:subfield code="e">professor directing dissertation</marc:subfield>
         <marc:subfield code="9">LOCAL</marc:subfield>
      </marc:datafield>
      <marc:datafield tag="796" ind1="1" ind2=" ">
         <marc:subfield code="a">Levenson, Cathy W.,</marc:subfield>
         <marc:subfield code="e">university representative</marc:subfield>
         <marc:subfield code="9">LOCAL</marc:subfield>
      </marc:datafield>
      <marc:datafield tag="796" ind1="1" ind2=" ">
         <marc:subfield code="a">Dennis, Jonathan Hancock,</marc:subfield>
         <marc:subfield code="e">committee member</marc:subfield>
         <marc:subfield code="9">LOCAL</marc:subfield>
      </marc:datafield>
      <marc:datafield tag="796" ind1="1" ind2=" ">
         <marc:subfield code="a">Jones, Kathryn M.,</marc:subfield>
         <marc:subfield code="e">committee member</marc:subfield>
         <marc:subfield code="9">LOCAL</marc:subfield>
      </marc:datafield>
      <marc:datafield tag="796" ind1="1" ind2=" ">
         <marc:subfield code="a">Tang, Hengli,</marc:subfield>
         <marc:subfield code="e">committee member</marc:subfield>
         <marc:subfield code="9">LOCAL</marc:subfield>
      </marc:datafield>
      <marc:datafield tag="797" ind1="2" ind2=" ">
         <marc:subfield code="a">Florida State University.</marc:subfield>
         <marc:subfield code="b">Department of Biological Science.</marc:subfield>
         <marc:subfield code="9">LOCAL</marc:subfield>
      </marc:datafield>
      <marc:datafield tag="904" ind1=" " ind2=" ">
         <marc:subfield code="a">0</marc:subfield>
         <marc:subfield code="9">LOCAL</marc:subfield>
      </marc:datafield>
   </marc:record>