
   <marc:record>
      <marc:leader>     nam  22      i 4500</marc:leader>
      <marc:controlfield tag="006">m     o  d        </marc:controlfield>
      <marc:controlfield tag="007">cr |||||||||||</marc:controlfield>
      <marc:controlfield tag="008">      s2022    flu     obm   000 0 eng d</marc:controlfield>
      <marc:datafield tag="040" ind1=" " ind2=" ">
         <marc:subfield code="a">FDA</marc:subfield>
         <marc:subfield code="b">eng</marc:subfield>
         <marc:subfield code="e">rda</marc:subfield>
         <marc:subfield code="c">FDA</marc:subfield>
      </marc:datafield>
      <marc:datafield tag="050" ind1=" " ind2="4">
         <marc:subfield code="a">QP</marc:subfield>
      </marc:datafield>
      <marc:datafield tag="100" ind1="1" ind2=" ">
         <marc:subfield code="a">Mackinnon Greenwalt, Casey</marc:subfield>
         <marc:subfield code="q">(Casey Erin),</marc:subfield>
         <marc:subfield code="e">author</marc:subfield>
      </marc:datafield>
      <marc:datafield tag="245" ind1="1" ind2="0">
         <marc:subfield code="a">Pre-Sleep Feeding, Sleep Quality, and Markers of Recovery in NCAA Division I Female Soccer Players /</marc:subfield>
         <marc:subfield code="c">by Casey Erin Mackinnon Greenwalt</marc:subfield>
      </marc:datafield>
      <marc:datafield tag="264" ind1=" " ind2="1">
         <marc:subfield code="a">Tallahassee, Florida :</marc:subfield>
         <marc:subfield code="b">Florida State University,</marc:subfield>
         <marc:subfield code="c">2022</marc:subfield>
      </marc:datafield>
      <marc:datafield tag="300" ind1=" " ind2=" ">
         <marc:subfield code="a">1 online resource (61 pages)</marc:subfield>
      </marc:datafield>
      <marc:datafield tag="336" ind1=" " ind2=" ">
         <marc:subfield code="a">text</marc:subfield>
         <marc:subfield code="b">txt</marc:subfield>
         <marc:subfield code="2">rdacontent</marc:subfield>
      </marc:datafield>
      <marc:datafield tag="337" ind1=" " ind2=" ">
         <marc:subfield code="a">computer</marc:subfield>
         <marc:subfield code="b">c</marc:subfield>
         <marc:subfield code="2">rdamedia</marc:subfield>
      </marc:datafield>
      <marc:datafield tag="338" ind1=" " ind2=" ">
         <marc:subfield code="a">online resource</marc:subfield>
         <marc:subfield code="b">cr</marc:subfield>
         <marc:subfield code="2">rdacarrier</marc:subfield>
      </marc:datafield>
      <marc:datafield tag="347" ind1=" " ind2=" ">
         <marc:subfield code="a">text file</marc:subfield>
         <marc:subfield code="2">rdaft</marc:subfield>
      </marc:datafield>
      <marc:datafield tag="347" ind1=" " ind2=" ">
         <marc:subfield code="b">PDF</marc:subfield>
      </marc:datafield>
      <marc:datafield tag="538" ind1=" " ind2=" ">
         <marc:subfield code="a">System requirements: Adobe Reader or other PDF viewer.</marc:subfield>
      </marc:datafield>
      <marc:datafield tag="588" ind1=" " ind2=" ">
         <marc:subfield code="a">Description based on online resource; title from PDF title page.</marc:subfield>
      </marc:datafield>
      <marc:datafield tag="500" ind1=" " ind2=" ">
         <marc:subfield code="a">Extent pagination is PDF page count.</marc:subfield>
      </marc:datafield>
      <marc:datafield tag="500" ind1=" " ind2=" ">
         <marc:subfield code="a">Advisory committee: Michael J. Ormsbee, Professor Directing Thesis; Robert C. Hickner, Committee Member; Lynn B. Panton, Committee Member.</marc:subfield>
      </marc:datafield>
      <marc:datafield tag="500" ind1=" " ind2=" ">
         <marc:subfield code="a">A Thesis submitted to the Department of Nutrition and Integrative Physiology in partial fulfillment of the requirements for the degree of Master of Science.</marc:subfield>
      </marc:datafield>
      <marc:datafield tag="500" ind1=" " ind2=" ">
         <marc:subfield code="a">Date of Defense: March 11, 2022.</marc:subfield>
      </marc:datafield>
      <marc:datafield tag="500" ind1=" " ind2=" ">
         <marc:subfield code="a">Keywords: Female athlete, Female Physiology, Nutrition, Pre-sleep feeding, Pre-sleep nutrition, Sleep.</marc:subfield>
      </marc:datafield>
      <marc:datafield tag="502" ind1=" " ind2=" ">
         <marc:subfield code="b">M.S.</marc:subfield>
         <marc:subfield code="c">Florida State University</marc:subfield>
         <marc:subfield code="d">2022.</marc:subfield>
      </marc:datafield>
      <marc:datafield tag="520" ind1="3" ind2=" ">
         <marc:subfield code="a">Introduction: Due to the high metabolic demand of sport, it is essential that athletes meet their caloric need to support training, recovery, and muscle growth. Consuming protein before sleep may have positive effects on sleep, overnight recovery, muscle protein synthesis, and performance. Additionally, consuming carbohydrates before sleep may improve hours of sleep and reduce wake episodes throughout the night. Pre-sleep fat consumption, particularly saturated fat, may also increase wake episodes throughout the night, therefore decreasing quality. Furthermore, sleep is a time where growth and recovery occur; metabolic activity is at its lowest point, and higher rates of growth hormone are secreted, thus promoting recovery. Sleep is typically the longest post-absorptive period, so examining the potential effects of pre-sleep food consumption is warranted for the impact on both sleep and recovery. Currently no data exist to assess pre-sleep nutrition habits in elite female athletes, particularly soccer players. Methods: In a retrospective study, 14 Division I female soccer players (mean ± sd: age 20.8 ± 1.4 years; height 167.9 ± 4.87 cm; weight 64.1 ± 6.9 kg; BMI 22.7 ± 0.5 kg/m2) from four universities wore a WHOOP, Inc. band 24h a day for the entire 2020-2021 competitive season to measure activity, sleep, and recovery. Surveys were administered through the WHOOP app every 3 days over the season to collect data on pre-sleep feeding habits and their effects on sleep quality, sleep quantity, and markers of recovery (as defined by resting heart rate [RHR], heart rate variability [HRV], and a WHOOP, Inc. generated recovery score). Descriptive results were completed using R studio. Results: Average pre-sleep nutritional intake (mean ± sd: kcals 330 ± 284; pro 7.6 ± 7.3 g; fat 12 ± 10.5 g; cho 46.2 ± 40.5 g) was recorded. No significant differences between high versus low kilocalorie (p = 0.10, 0.42), protein (0.69, 0.65), fat (p = 0.16, 0.81), and carbohydrate (p = 0.17, 0.81) pre-sleep consumption were reported on metrics of sleep, including hours of sleep and wake episodes, respectively). Furthermore, no significant differences existed between high versus low pre-sleep kilocalorie (p = 0.84, 0.84, 0.81), protein (p = 0.64, 0.70, 0.06), fat (p = 0.26, 0.76, 0.81), and carbohydrate (p = 0.66, 0.93, 0.92) consumption and metrics of recovery, including RHR, HRV, and recovery score, respectively. Conclusion: These findings suggest no significant impact of pre-sleep feeding on metrics of sleep or recovery. However, the meals consumed were small, and may not have been enough to elicit any positive responses in sleep or recovery. Further research is warranted to examine the effects of pre-sleep feeding on athletes in a controlled, laboratory-based setting. This study was sponsored by WHOOP, Inc.</marc:subfield>
      </marc:datafield>
      <marc:datafield tag="504" ind1=" " ind2=" ">
         <marc:subfield code="a">Includes bibliographical references.</marc:subfield>
      </marc:datafield>
      <marc:datafield tag="650" ind1=" " ind2="0">
         <marc:subfield code="a">Physiology</marc:subfield>
      </marc:datafield>
      <marc:datafield tag="655" ind1=" " ind2="7">
         <marc:subfield code="a">Electronic Thesis or Dissertation.</marc:subfield>
         <marc:subfield code="2">dct</marc:subfield>
      </marc:datafield>
      <marc:datafield tag="690" ind1=" " ind2="7">
         <marc:subfield code="a">FSU Dissertations.</marc:subfield>
         <marc:subfield code="2">local</marc:subfield>
         <marc:subfield code="9">LOCAL</marc:subfield>
      </marc:datafield>
      <marc:datafield tag="710" ind1="2" ind2=" ">
         <marc:subfield code="a">Florida State University.</marc:subfield>
         <marc:subfield code="e">degree granting institution.</marc:subfield>
         <marc:subfield code="0">http://id.loc.gov/authorities/names/n80126238</marc:subfield>
      </marc:datafield>
      <marc:datafield tag="856" ind1="4" ind2="0">
         <marc:subfield code="3">DigiNole</marc:subfield>
         <marc:subfield code="u">https://purl.lib.fsu.edu/diginole/2022_MackinnonGreenwalt_fsu_0071N_17172</marc:subfield>
         <marc:subfield code="y">Connect to online content:</marc:subfield>
      </marc:datafield>
      <marc:datafield tag="796" ind1="1" ind2=" ">
         <marc:subfield code="a">Ormsbee, Michael J.,</marc:subfield>
         <marc:subfield code="e">professor directing thesis</marc:subfield>
         <marc:subfield code="9">LOCAL</marc:subfield>
      </marc:datafield>
      <marc:datafield tag="796" ind1="1" ind2=" ">
         <marc:subfield code="a">Hickner, Robert C.,</marc:subfield>
         <marc:subfield code="d">1962-</marc:subfield>
         <marc:subfield code="e">committee member</marc:subfield>
         <marc:subfield code="9">LOCAL</marc:subfield>
      </marc:datafield>
      <marc:datafield tag="796" ind1="1" ind2=" ">
         <marc:subfield code="a">Panton, Lynn B.</marc:subfield>
         <marc:subfield code="q">(Lynn Biship)‏,</marc:subfield>
         <marc:subfield code="e">committee member</marc:subfield>
         <marc:subfield code="9">LOCAL</marc:subfield>
      </marc:datafield>
      <marc:datafield tag="797" ind1="2" ind2=" ">
         <marc:subfield code="a">Florida State University.</marc:subfield>
         <marc:subfield code="b">Department of Nutrition and Integrative Physiology.</marc:subfield>
         <marc:subfield code="9">LOCAL</marc:subfield>
      </marc:datafield>
      <marc:datafield tag="904" ind1=" " ind2=" ">
         <marc:subfield code="a">0</marc:subfield>
         <marc:subfield code="9">LOCAL</marc:subfield>
      </marc:datafield>
   </marc:record>