
   <marc:record>
      <marc:leader>     nam  22      i 4500</marc:leader>
      <marc:controlfield tag="006">m     o  d        </marc:controlfield>
      <marc:controlfield tag="007">cr |||||||||||</marc:controlfield>
      <marc:controlfield tag="008">      s2022    flu     obm   000 0 eng d</marc:controlfield>
      <marc:datafield tag="040" ind1=" " ind2=" ">
         <marc:subfield code="a">FDA</marc:subfield>
         <marc:subfield code="b">eng</marc:subfield>
         <marc:subfield code="e">rda</marc:subfield>
         <marc:subfield code="c">FDA</marc:subfield>
      </marc:datafield>
      <marc:datafield tag="050" ind1=" " ind2="4">
         <marc:subfield code="a">HB848</marc:subfield>
      </marc:datafield>
      <marc:datafield tag="100" ind1="1" ind2=" ">
         <marc:subfield code="a">Masek, Marty,</marc:subfield>
         <marc:subfield code="e">author</marc:subfield>
      </marc:datafield>
      <marc:datafield tag="245" ind1="1" ind2="0">
         <marc:subfield code="a">Spatial Disparity and Educational Sorting of U.S. Internal Migration /</marc:subfield>
         <marc:subfield code="c">by Marty Masek</marc:subfield>
      </marc:datafield>
      <marc:datafield tag="264" ind1=" " ind2="1">
         <marc:subfield code="a">Tallahassee, Florida :</marc:subfield>
         <marc:subfield code="b">Florida State University,</marc:subfield>
         <marc:subfield code="c">2022</marc:subfield>
      </marc:datafield>
      <marc:datafield tag="300" ind1=" " ind2=" ">
         <marc:subfield code="a">1 online resource (127 pages)</marc:subfield>
      </marc:datafield>
      <marc:datafield tag="336" ind1=" " ind2=" ">
         <marc:subfield code="a">text</marc:subfield>
         <marc:subfield code="b">txt</marc:subfield>
         <marc:subfield code="2">rdacontent</marc:subfield>
      </marc:datafield>
      <marc:datafield tag="337" ind1=" " ind2=" ">
         <marc:subfield code="a">computer</marc:subfield>
         <marc:subfield code="b">c</marc:subfield>
         <marc:subfield code="2">rdamedia</marc:subfield>
      </marc:datafield>
      <marc:datafield tag="338" ind1=" " ind2=" ">
         <marc:subfield code="a">online resource</marc:subfield>
         <marc:subfield code="b">cr</marc:subfield>
         <marc:subfield code="2">rdacarrier</marc:subfield>
      </marc:datafield>
      <marc:datafield tag="347" ind1=" " ind2=" ">
         <marc:subfield code="a">text file</marc:subfield>
         <marc:subfield code="2">rdaft</marc:subfield>
      </marc:datafield>
      <marc:datafield tag="347" ind1=" " ind2=" ">
         <marc:subfield code="b">PDF</marc:subfield>
      </marc:datafield>
      <marc:datafield tag="538" ind1=" " ind2=" ">
         <marc:subfield code="a">System requirements: Adobe Reader or other PDF viewer.</marc:subfield>
      </marc:datafield>
      <marc:datafield tag="588" ind1=" " ind2=" ">
         <marc:subfield code="a">Description based on online resource; title from PDF title page.</marc:subfield>
      </marc:datafield>
      <marc:datafield tag="500" ind1=" " ind2=" ">
         <marc:subfield code="a">Extent pagination is PDF page count.</marc:subfield>
      </marc:datafield>
      <marc:datafield tag="500" ind1=" " ind2=" ">
         <marc:subfield code="a">Advisory committee: Elwood Carlson, Professor Directing Dissertation; Carl Schmertmann, University Representative; Mathew Hauer, Committee Member; John Reynolds, Committee Member.</marc:subfield>
      </marc:datafield>
      <marc:datafield tag="500" ind1=" " ind2=" ">
         <marc:subfield code="a">A Dissertation submitted to the Department of Sociology in partial fulfillment of the requirements for the degree of Doctor of Philosophy.</marc:subfield>
      </marc:datafield>
      <marc:datafield tag="500" ind1=" " ind2=" ">
         <marc:subfield code="a">Date of Defense: March 9, 2022.</marc:subfield>
      </marc:datafield>
      <marc:datafield tag="500" ind1=" " ind2=" ">
         <marc:subfield code="a">Keywords: Communities, Education, Geographic Disparity, Internal Migration, Spatial Disparity.</marc:subfield>
      </marc:datafield>
      <marc:datafield tag="502" ind1=" " ind2=" ">
         <marc:subfield code="b">Ph.D.</marc:subfield>
         <marc:subfield code="c">Florida State University</marc:subfield>
         <marc:subfield code="d">2022.</marc:subfield>
      </marc:datafield>
      <marc:datafield tag="520" ind1="3" ind2=" ">
         <marc:subfield code="a">Over the past few decades, U.S. communities have become increasingly unequal in terms of aggregate educational composition. Extant research shows that educational composition predicts community prosperity and community wellbeing consistently and strongly. Research on changes in community educational composition over time suggests that internal migration—movement within a country—plays a key role in such change, but this research does not often quantify or measure the role of internal migration. Therefore, this dissertation closely examines the role of internal migration in heightening or mitigating between-community educational disparity. I use 2013-2017 American Community Survey (ACS) data to estimate several measures of migration at relatively small geographic units, covering every square mile of the United States. These geographic units serve as “communities” for which I also construct a measure of educational capital (EC)—the proportion of the population ages 25 to 64 with at least a bachelor’s degree.The current study has four analytic chapters with related research goals. The first analytic chapter explores the relative contributions of origin and destination community EC in shaping the educational composition of migration flows between origin-destination pairs. The second analytic chapter examines the effect of extant community EC on net migration patterns by education group—bachelor’s degree and higher (BA+) and less than bachelor’s degree (&lt;BA)—and age group to evaluate the potential for internal migration to exacerbate or mitigate between-community disparity. The third analytic chapter articulates population processes underlying migration-induced changes in community EC. And the fourth analytic chapter estimates the effect of migration-induced change on community EC annually and over one generation. All analyses focus on ages 25 to 64. Findings in the first analytic chapter indicate that migration flows from a single origin can have widely different educational compositions depending on destination EC. Educational sorting occurs to destinations such that destinations with highly educated populations attract migration flows that are even more highly educated than the destination and the origin, on average. Analogously, destinations with low levels of education attract migration flows with even lower levels of education than the destination and the origin, on average. Findings in the second analytic chapter measuring net migration for each community indicate that current internal migration patterns reinforce existing between-community spatial disparity in EC. Not only do communities with high extant EC receive positive net migration of the BA+ group, but these highly educated communities experience negative net migration of the &lt;BA group. At the same time communities with low EC experience positive net migration of the &lt;BA group and negative net migration of the BA+ group. Thus, migration of the &lt;BA group contributes to between-community disparity in EC in tandem with the migration of the BA+ group. Further findings reveal a life cycle in this pattern for the BA+ group, while the &lt;BA group has no such life cycle. The third analytic chapter exploring the processes of migration-induced change indicate that changes in the number of BA+ adults in communities occurring via migration more commonly result from differences in the educational compositions of in-migrants compared to out-migrants rather than the sheer number of in-migrants compared to out-migrants. The fourth analytic chapter demonstrates the magnitude of migration-induced change in EC for each community over a generation if migration patterns remain unchanged, ignoring for the moment other population processes. In this scenario, mean community EC decreases as measures of variability (i.e., standard deviation) increase. Communities already at the top continue to pull ahead, and many at the bottom see sizeable decreases in community EC over time. I also highlight exceptional cases. Overall, findings reveal a self-reinforcing pattern of selective internal migration between U.S. communities that exacerbates spatial disparity in community EC by conferring further advantage to EC-rich communities at the expense of those that are already disadvantaged.</marc:subfield>
      </marc:datafield>
      <marc:datafield tag="504" ind1=" " ind2=" ">
         <marc:subfield code="a">Includes bibliographical references.</marc:subfield>
      </marc:datafield>
      <marc:datafield tag="506" ind1=" " ind2=" ">
         <marc:subfield code="a">This thesis/dissertation may be embargoed for a limited time. Click access link to check availability.</marc:subfield>
      </marc:datafield>
      <marc:datafield tag="650" ind1=" " ind2="0">
         <marc:subfield code="a">Demography</marc:subfield>
      </marc:datafield>
      <marc:datafield tag="655" ind1=" " ind2="7">
         <marc:subfield code="a">Electronic Thesis or Dissertation.</marc:subfield>
         <marc:subfield code="2">dct</marc:subfield>
      </marc:datafield>
      <marc:datafield tag="690" ind1=" " ind2="7">
         <marc:subfield code="a">FSU Dissertations.</marc:subfield>
         <marc:subfield code="2">local</marc:subfield>
         <marc:subfield code="9">LOCAL</marc:subfield>
      </marc:datafield>
      <marc:datafield tag="710" ind1="2" ind2=" ">
         <marc:subfield code="a">Florida State University.</marc:subfield>
         <marc:subfield code="e">degree granting institution.</marc:subfield>
         <marc:subfield code="0">http://id.loc.gov/authorities/names/n80126238</marc:subfield>
      </marc:datafield>
      <marc:datafield tag="856" ind1="4" ind2="0">
         <marc:subfield code="3">DigiNole</marc:subfield>
         <marc:subfield code="u">https://purl.lib.fsu.edu/diginole/2022_Masek_fsu_0071E_16984</marc:subfield>
         <marc:subfield code="y">Connect to online content:</marc:subfield>
      </marc:datafield>
      <marc:datafield tag="796" ind1="1" ind2=" ">
         <marc:subfield code="a">Carlson, Elwood,</marc:subfield>
         <marc:subfield code="d">1950-</marc:subfield>
         <marc:subfield code="e">professor directing dissertation</marc:subfield>
         <marc:subfield code="9">LOCAL</marc:subfield>
      </marc:datafield>
      <marc:datafield tag="796" ind1="1" ind2=" ">
         <marc:subfield code="a">Schmertmann, Carl P.,</marc:subfield>
         <marc:subfield code="e">university representative</marc:subfield>
         <marc:subfield code="9">LOCAL</marc:subfield>
      </marc:datafield>
      <marc:datafield tag="796" ind1="1" ind2=" ">
         <marc:subfield code="a">Hauer, Mathew,</marc:subfield>
         <marc:subfield code="e">committee member</marc:subfield>
         <marc:subfield code="9">LOCAL</marc:subfield>
      </marc:datafield>
      <marc:datafield tag="796" ind1="1" ind2=" ">
         <marc:subfield code="a">Reynolds, John K.,</marc:subfield>
         <marc:subfield code="e">committee member</marc:subfield>
         <marc:subfield code="9">LOCAL</marc:subfield>
      </marc:datafield>
      <marc:datafield tag="797" ind1="2" ind2=" ">
         <marc:subfield code="a">Florida State University.</marc:subfield>
         <marc:subfield code="b">Department of Sociology.</marc:subfield>
         <marc:subfield code="9">LOCAL</marc:subfield>
      </marc:datafield>
      <marc:datafield tag="904" ind1=" " ind2=" ">
         <marc:subfield code="a">4</marc:subfield>
         <marc:subfield code="9">LOCAL</marc:subfield>
      </marc:datafield>
   </marc:record>