
   <marc:record>
      <marc:leader>     nam  22      i 4500</marc:leader>
      <marc:controlfield tag="006">m     o  d        </marc:controlfield>
      <marc:controlfield tag="007">cr |||||||||||</marc:controlfield>
      <marc:controlfield tag="008">      s2022    flu     obm   000 0 eng d</marc:controlfield>
      <marc:datafield tag="040" ind1=" " ind2=" ">
         <marc:subfield code="a">FDA</marc:subfield>
         <marc:subfield code="b">eng</marc:subfield>
         <marc:subfield code="e">rda</marc:subfield>
         <marc:subfield code="c">FDA</marc:subfield>
      </marc:datafield>
      <marc:datafield tag="050" ind1=" " ind2="4">
         <marc:subfield code="a">QC869</marc:subfield>
      </marc:datafield>
      <marc:datafield tag="100" ind1="1" ind2=" ">
         <marc:subfield code="a">Mersiovsky, Haiden,</marc:subfield>
         <marc:subfield code="e">author</marc:subfield>
      </marc:datafield>
      <marc:datafield tag="245" ind1="1" ind2="4">
         <marc:subfield code="a">The Impact of Increasing the Resolution of Sea Surface Temperatures on a Numerical Model at Kennedy Space Center /</marc:subfield>
         <marc:subfield code="c">by Haiden Mersiovsky</marc:subfield>
      </marc:datafield>
      <marc:datafield tag="264" ind1=" " ind2="1">
         <marc:subfield code="a">Tallahassee, Florida :</marc:subfield>
         <marc:subfield code="b">Florida State University,</marc:subfield>
         <marc:subfield code="c">2022</marc:subfield>
      </marc:datafield>
      <marc:datafield tag="300" ind1=" " ind2=" ">
         <marc:subfield code="a">1 online resource (65 pages)</marc:subfield>
      </marc:datafield>
      <marc:datafield tag="336" ind1=" " ind2=" ">
         <marc:subfield code="a">text</marc:subfield>
         <marc:subfield code="b">txt</marc:subfield>
         <marc:subfield code="2">rdacontent</marc:subfield>
      </marc:datafield>
      <marc:datafield tag="337" ind1=" " ind2=" ">
         <marc:subfield code="a">computer</marc:subfield>
         <marc:subfield code="b">c</marc:subfield>
         <marc:subfield code="2">rdamedia</marc:subfield>
      </marc:datafield>
      <marc:datafield tag="338" ind1=" " ind2=" ">
         <marc:subfield code="a">online resource</marc:subfield>
         <marc:subfield code="b">cr</marc:subfield>
         <marc:subfield code="2">rdacarrier</marc:subfield>
      </marc:datafield>
      <marc:datafield tag="347" ind1=" " ind2=" ">
         <marc:subfield code="a">text file</marc:subfield>
         <marc:subfield code="2">rdaft</marc:subfield>
      </marc:datafield>
      <marc:datafield tag="347" ind1=" " ind2=" ">
         <marc:subfield code="b">PDF</marc:subfield>
      </marc:datafield>
      <marc:datafield tag="538" ind1=" " ind2=" ">
         <marc:subfield code="a">System requirements: Adobe Reader or other PDF viewer.</marc:subfield>
      </marc:datafield>
      <marc:datafield tag="588" ind1=" " ind2=" ">
         <marc:subfield code="a">Description based on online resource; title from PDF title page.</marc:subfield>
      </marc:datafield>
      <marc:datafield tag="500" ind1=" " ind2=" ">
         <marc:subfield code="a">Extent pagination is PDF page count.</marc:subfield>
      </marc:datafield>
      <marc:datafield tag="500" ind1=" " ind2=" ">
         <marc:subfield code="a">Advisory committee: Henry E. Fuelberg, Professor Directing Thesis; Jeffrey Chagnon, Committee Member; Robert Hart, Committee Member; Allison Wing, Committee Member.</marc:subfield>
      </marc:datafield>
      <marc:datafield tag="500" ind1=" " ind2=" ">
         <marc:subfield code="a">A Thesis submitted to the Department of Earth, Ocean, and Atmospheric Science in partial fulfillment of the requirements for the degree of Master of Science.</marc:subfield>
      </marc:datafield>
      <marc:datafield tag="500" ind1=" " ind2=" ">
         <marc:subfield code="a">Date of Defense: March 10, 2022.</marc:subfield>
      </marc:datafield>
      <marc:datafield tag="500" ind1=" " ind2=" ">
         <marc:subfield code="a">Keywords: numerical weather prediction, river breeze, sea breeze.</marc:subfield>
      </marc:datafield>
      <marc:datafield tag="502" ind1=" " ind2=" ">
         <marc:subfield code="b">M.S.</marc:subfield>
         <marc:subfield code="c">Florida State University</marc:subfield>
         <marc:subfield code="d">2022.</marc:subfield>
      </marc:datafield>
      <marc:datafield tag="520" ind1="3" ind2=" ">
         <marc:subfield code="a">The impact of including Sea Surface Temperatures (SSTs) of differing horizontal grid spacings in simulations of river and sea breeze related weather has not been studied extensively in the Cape Canaveral area of Florida. This study assesses whether simulations using a 1 km SST product, which better captures the complexity of the region’s coastal geography, improves simulations incorporating a 6 km SST product that does not define the geography of the region as well. The Weather Research and Forecasting model (WRF) was used to simulate days with river and sea breeze development around Cape Canaveral during the warm season. Simulations utilized two-way nesting with horizontal grid spacings of 3 and 1 km. Output from the 0900 UTC run of the High-Resolution Rapid Refresh (HRRR) model was used to initialize the WRF model. SSTs of 1 or 6 km grid spacing also were used in initializing the WRF model.The impact of using the higher resolution SST dataset is presented by analyzing simulations of 2 m temperature and convective initiation, which is an important factor for operational planning at Kennedy Space Center. In addition, dynamic and kinematic properties of the thermal circulations simulated using the two SST products are presented. The analyzed characteristics include the location and timing of river and sea breeze passages, which are also important for planning operations at Kennedy Space Center. Observations of water temperatures from buoys in the Atlantic Ocean near Florida’s Space Coast and water temperature sensors in the Banana and Indian Rivers were compared to those depicted in the two SST products. Somewhat surprisingly, results show that the water temperatures of the Banana and Indian Rivers, as well as the SSTs in the Atlantic Ocean, were better represented by the 6 km SST product rather than the 1 km product. Additionally, simulated 2 m temperatures were closer to observed 2 m temperatures in simulations using the lower resolution SST data. Mean absolute error (MAE) and root mean square error (RMSE) between the two SST products were calculated for the water temperatures of the two inland rivers and Atlantic Ocean. The same metrics were determined onshore for the simulated 2 m temperature based on the two SST runs. MAE and RMSE values for depictions of the SSTs and river temperatures were found to not improve in the 1 km SST product. For simulations of onshore 2 m temperatures, MAE and RMSE were also found to not improve when using 1 km SSTs in simulations. The differences in MAE and RMSE values between both SST runs for both the depictions of the water temperatures and simulated onshore 2 m temperatures were found to be significant at the 95% confidence interval. Improved simulation of convective initiation was found when increasing the SST resolution. The amount of improvement depended on the flow regime. The greatest improvement occurred during the onshore flow regime when using the higher resolution SSTs. Inconsistent improvements were found using 1 km SSTs when observed single cell convection develops over Merritt Island. Simulations of the dynamical and kinematic aspects of the Banana and Indian River breeze generally were improved when using the 1 km SSTs. The return flow of the three local breezes was successfully simulated and generally found to be stronger when using 1 km SSTs. Simulations using 1 km SSTs also were found to better locate the Banana and Indian River breezes. In addition, the use of both SST resolutions simulated stronger maximum ascents for all three breezes than found in previous studies, along with slightly greater simulated depths of the sea and two river breezes.</marc:subfield>
      </marc:datafield>
      <marc:datafield tag="504" ind1=" " ind2=" ">
         <marc:subfield code="a">Includes bibliographical references.</marc:subfield>
      </marc:datafield>
      <marc:datafield tag="650" ind1=" " ind2="0">
         <marc:subfield code="a">Meteorology</marc:subfield>
      </marc:datafield>
      <marc:datafield tag="655" ind1=" " ind2="7">
         <marc:subfield code="a">Electronic Thesis or Dissertation.</marc:subfield>
         <marc:subfield code="2">dct</marc:subfield>
      </marc:datafield>
      <marc:datafield tag="690" ind1=" " ind2="7">
         <marc:subfield code="a">FSU Dissertations.</marc:subfield>
         <marc:subfield code="2">local</marc:subfield>
         <marc:subfield code="9">LOCAL</marc:subfield>
      </marc:datafield>
      <marc:datafield tag="710" ind1="2" ind2=" ">
         <marc:subfield code="a">Florida State University.</marc:subfield>
         <marc:subfield code="e">degree granting institution.</marc:subfield>
         <marc:subfield code="0">http://id.loc.gov/authorities/names/n80126238</marc:subfield>
      </marc:datafield>
      <marc:datafield tag="856" ind1="4" ind2="0">
         <marc:subfield code="3">DigiNole</marc:subfield>
         <marc:subfield code="u">https://purl.lib.fsu.edu/diginole/2022_Mersiovsky_fsu_0071N_17025</marc:subfield>
         <marc:subfield code="y">Connect to online content:</marc:subfield>
      </marc:datafield>
      <marc:datafield tag="796" ind1="1" ind2=" ">
         <marc:subfield code="a">Fuelberg, Henry E.,</marc:subfield>
         <marc:subfield code="e">professor directing thesis</marc:subfield>
         <marc:subfield code="9">LOCAL</marc:subfield>
      </marc:datafield>
      <marc:datafield tag="796" ind1="1" ind2=" ">
         <marc:subfield code="a">Chagnon, Jeffrey M.,</marc:subfield>
         <marc:subfield code="e">committee member</marc:subfield>
         <marc:subfield code="9">LOCAL</marc:subfield>
      </marc:datafield>
      <marc:datafield tag="796" ind1="1" ind2=" ">
         <marc:subfield code="a">Hart, Robert E.</marc:subfield>
         <marc:subfield code="q">(Robert Edward),</marc:subfield>
         <marc:subfield code="d">1972-</marc:subfield>
         <marc:subfield code="e">committee member</marc:subfield>
         <marc:subfield code="9">LOCAL</marc:subfield>
      </marc:datafield>
      <marc:datafield tag="796" ind1="1" ind2=" ">
         <marc:subfield code="a">Wing, Allison,</marc:subfield>
         <marc:subfield code="e">committee member</marc:subfield>
         <marc:subfield code="9">LOCAL</marc:subfield>
      </marc:datafield>
      <marc:datafield tag="797" ind1="2" ind2=" ">
         <marc:subfield code="a">Florida State University.</marc:subfield>
         <marc:subfield code="b">Department of Earth, Ocean, and Atmospheric Science.</marc:subfield>
         <marc:subfield code="9">LOCAL</marc:subfield>
      </marc:datafield>
      <marc:datafield tag="904" ind1=" " ind2=" ">
         <marc:subfield code="a">0</marc:subfield>
         <marc:subfield code="9">LOCAL</marc:subfield>
      </marc:datafield>
   </marc:record>