
   <marc:record>
      <marc:leader>     nam  22      i 4500</marc:leader>
      <marc:controlfield tag="006">m     o  d        </marc:controlfield>
      <marc:controlfield tag="007">cr |||||||||||</marc:controlfield>
      <marc:controlfield tag="008">      s2022    flu     obm   000 0 eng d</marc:controlfield>
      <marc:datafield tag="040" ind1=" " ind2=" ">
         <marc:subfield code="a">FDA</marc:subfield>
         <marc:subfield code="b">eng</marc:subfield>
         <marc:subfield code="e">rda</marc:subfield>
         <marc:subfield code="c">FDA</marc:subfield>
      </marc:datafield>
      <marc:datafield tag="050" ind1=" " ind2="4">
         <marc:subfield code="a">PS</marc:subfield>
      </marc:datafield>
      <marc:datafield tag="100" ind1="1" ind2=" ">
         <marc:subfield code="a">Myers, Phoebe,</marc:subfield>
         <marc:subfield code="e">author</marc:subfield>
      </marc:datafield>
      <marc:datafield tag="245" ind1="1" ind2="0">
         <marc:subfield code="a">Compos(t)e /</marc:subfield>
         <marc:subfield code="c">by Phoebe Myers</marc:subfield>
      </marc:datafield>
      <marc:datafield tag="264" ind1=" " ind2="1">
         <marc:subfield code="a">Tallahassee, Florida :</marc:subfield>
         <marc:subfield code="b">Florida State University,</marc:subfield>
         <marc:subfield code="c">2022</marc:subfield>
      </marc:datafield>
      <marc:datafield tag="300" ind1=" " ind2=" ">
         <marc:subfield code="a">1 online resource (135 pages)</marc:subfield>
      </marc:datafield>
      <marc:datafield tag="336" ind1=" " ind2=" ">
         <marc:subfield code="a">text</marc:subfield>
         <marc:subfield code="b">txt</marc:subfield>
         <marc:subfield code="2">rdacontent</marc:subfield>
      </marc:datafield>
      <marc:datafield tag="337" ind1=" " ind2=" ">
         <marc:subfield code="a">computer</marc:subfield>
         <marc:subfield code="b">c</marc:subfield>
         <marc:subfield code="2">rdamedia</marc:subfield>
      </marc:datafield>
      <marc:datafield tag="338" ind1=" " ind2=" ">
         <marc:subfield code="a">online resource</marc:subfield>
         <marc:subfield code="b">cr</marc:subfield>
         <marc:subfield code="2">rdacarrier</marc:subfield>
      </marc:datafield>
      <marc:datafield tag="347" ind1=" " ind2=" ">
         <marc:subfield code="a">text file</marc:subfield>
         <marc:subfield code="2">rdaft</marc:subfield>
      </marc:datafield>
      <marc:datafield tag="347" ind1=" " ind2=" ">
         <marc:subfield code="b">PDF</marc:subfield>
      </marc:datafield>
      <marc:datafield tag="538" ind1=" " ind2=" ">
         <marc:subfield code="a">System requirements: Adobe Reader or other PDF viewer.</marc:subfield>
      </marc:datafield>
      <marc:datafield tag="588" ind1=" " ind2=" ">
         <marc:subfield code="a">Description based on online resource; title from PDF title page.</marc:subfield>
      </marc:datafield>
      <marc:datafield tag="500" ind1=" " ind2=" ">
         <marc:subfield code="a">Extent pagination is PDF page count.</marc:subfield>
      </marc:datafield>
      <marc:datafield tag="500" ind1=" " ind2=" ">
         <marc:subfield code="a">Advisory committee: Diane Roberts, Professor Directing Thesis; L. Lamar Wilson, Committee Member; Ravi Howard, Committee Member.</marc:subfield>
      </marc:datafield>
      <marc:datafield tag="500" ind1=" " ind2=" ">
         <marc:subfield code="a">A Thesis submitted to the Department of English in partial fulfillment of the requirements for the degree of Master of Fine Arts.</marc:subfield>
      </marc:datafield>
      <marc:datafield tag="500" ind1=" " ind2=" ">
         <marc:subfield code="a">Date of Defense: April 4, 2022.</marc:subfield>
      </marc:datafield>
      <marc:datafield tag="502" ind1=" " ind2=" ">
         <marc:subfield code="b">M.F.A.</marc:subfield>
         <marc:subfield code="c">Florida State University</marc:subfield>
         <marc:subfield code="d">2022.</marc:subfield>
      </marc:datafield>
      <marc:datafield tag="520" ind1="3" ind2=" ">
         <marc:subfield code="a">In Metamorphoses, Ovid outlines the progression of human generations as being made first from clay, then blood, then stone. The humans made from clay represented a leftover unity between heaven and earth, which had only recently been separated according to the creation myth: “Maybe the earth that was freshly formed and newly divorced / from the heavenly ether retained some seeds of its kindred element.” Raindrops from heaven mixed with the dirt of the earth which Prometheus could then mold into the likeness of gods. Ovid describes this time as an Earth at peace, not yet broken even into separate seasons or into individual homes, when the earth was “untouched by the hoe, unscathed by the ploughshare.” I live as we all do, in a world of breakage. Between the self and others, ancestors and their lineage, the past and the present. Where do they overlap? Many myths point to the earth on which we stand as the intermediary between the underworld and ours. The soil is not a thing but a process. It is ever metabolizing, re-forming, and transforming itself. Our myths themselves function similarly: as they are told, parts of them morph and graft onto each other like a plant accruing other meanings. Composition is akin to turning over a stone to see its underbelly. There you can glimpse the breakdown of life with its peachy mush of worms, but also new creation. It is repulsive and enthralling, the slight exhilaration of decay. I write when I feel lonely, searching under stones for love. But language is only part of my search for communion. Virginia Woolf perhaps said it best in A Room of One’s Own when she discussed how women must form their own syntax, their own language. Of the woman writer she wrote, “Perhaps the first thing she would find, setting pen to paper, was that there was no common sentence ready for her to use.” The tools passed down for her to speak through had been created for someone else. I find other ways to communicate; through my feet on the earth I converse with ghosts and missing mothers. There is a pair of mourning doves that live in my backyard. Every day I see them bobbing across my brick patio, pecking at the ants and tiny insects between each sandy crack. My couch faces a window overlooking the patio, and I was sitting there this morning, wrapped in a blanket. I thought about how much I would prefer to be sitting on the couch with my mother. When I was a teenager we would sit there together often, on weekend mornings. We drank coffee slowly and read together, our feet touching as we each reclined against opposing arms of the couch. She read passages aloud to me, would pick up a book from the pile behind the couch at random and read me the synopsis on the back. This morning, alone on my own couch, I watched one of the mourning doves thud against the window. I had never seen either do this before and was surprised at the drama of the glass vibrating and the dove cooing loudly as it flew backwards in confusion. Luckily still alive, it careened upwards out of view, but a pile of its feathers unfurled in its absence. Little feathers, like bits of smoke, falling to the ground. Memories are just like smoke - there but not there all at once. I could call my mother whenever I liked, or even sit on that same couch on visits home, but I could never reach that feeling I had been remembering, never return to that time where I had yet to find my own place in the world. Before that lonesome journey of leaving home in order to find it. But it felt so real, and who’s to say it wasn’t, this trip I took in my mind? Her voice and her feet, the weight of our blanket. Writing is the thud that brings me back to the room. Its mess, its light, its smallness. But the room encompasses everything - my past, the world’s past. I didn’t feel so lonely anymore, watching the dove’s feathers in the aftermath. Everything was there with me, greeting the rest of the day and all its sun.</marc:subfield>
      </marc:datafield>
      <marc:datafield tag="504" ind1=" " ind2=" ">
         <marc:subfield code="a">Includes bibliographical references.</marc:subfield>
      </marc:datafield>
      <marc:datafield tag="506" ind1=" " ind2=" ">
         <marc:subfield code="a">This thesis/dissertation may be embargoed for a limited time. Click access link to check availability.</marc:subfield>
      </marc:datafield>
      <marc:datafield tag="655" ind1=" " ind2="7">
         <marc:subfield code="a">Electronic Thesis or Dissertation.</marc:subfield>
         <marc:subfield code="2">dct</marc:subfield>
      </marc:datafield>
      <marc:datafield tag="690" ind1=" " ind2="7">
         <marc:subfield code="a">FSU Dissertations.</marc:subfield>
         <marc:subfield code="2">local</marc:subfield>
         <marc:subfield code="9">LOCAL</marc:subfield>
      </marc:datafield>
      <marc:datafield tag="710" ind1="2" ind2=" ">
         <marc:subfield code="a">Florida State University.</marc:subfield>
         <marc:subfield code="e">degree granting institution.</marc:subfield>
         <marc:subfield code="0">http://id.loc.gov/authorities/names/n80126238</marc:subfield>
      </marc:datafield>
      <marc:datafield tag="856" ind1="4" ind2="0">
         <marc:subfield code="3">DigiNole</marc:subfield>
         <marc:subfield code="u">https://purl.lib.fsu.edu/diginole/2022_Myers_fsu_0071N_17189</marc:subfield>
         <marc:subfield code="y">Connect to online content:</marc:subfield>
      </marc:datafield>
      <marc:datafield tag="796" ind1="1" ind2=" ">
         <marc:subfield code="a">Roberts, Diane,</marc:subfield>
         <marc:subfield code="d">1959-</marc:subfield>
         <marc:subfield code="e">professor directing thesis</marc:subfield>
         <marc:subfield code="9">LOCAL</marc:subfield>
      </marc:datafield>
      <marc:datafield tag="796" ind1="1" ind2=" ">
         <marc:subfield code="a">Wilson, L. Lamar,</marc:subfield>
         <marc:subfield code="d">1979-</marc:subfield>
         <marc:subfield code="e">committee member</marc:subfield>
         <marc:subfield code="9">LOCAL</marc:subfield>
      </marc:datafield>
      <marc:datafield tag="796" ind1="1" ind2=" ">
         <marc:subfield code="a">Howard, Ravi,</marc:subfield>
         <marc:subfield code="e">committee member</marc:subfield>
         <marc:subfield code="9">LOCAL</marc:subfield>
      </marc:datafield>
      <marc:datafield tag="797" ind1="2" ind2=" ">
         <marc:subfield code="a">Florida State University.</marc:subfield>
         <marc:subfield code="b">Department of English.</marc:subfield>
         <marc:subfield code="9">LOCAL</marc:subfield>
      </marc:datafield>
      <marc:datafield tag="904" ind1=" " ind2=" ">
         <marc:subfield code="a">4</marc:subfield>
         <marc:subfield code="9">LOCAL</marc:subfield>
      </marc:datafield>
   </marc:record>