
   <marc:record>
      <marc:leader>     nam  22      i 4500</marc:leader>
      <marc:controlfield tag="006">m     o  d        </marc:controlfield>
      <marc:controlfield tag="007">cr |||||||||||</marc:controlfield>
      <marc:controlfield tag="008">      s2022    flu     obm   000 0 eng d</marc:controlfield>
      <marc:datafield tag="040" ind1=" " ind2=" ">
         <marc:subfield code="a">FDA</marc:subfield>
         <marc:subfield code="b">eng</marc:subfield>
         <marc:subfield code="e">rda</marc:subfield>
         <marc:subfield code="c">FDA</marc:subfield>
      </marc:datafield>
      <marc:datafield tag="050" ind1=" " ind2="4">
         <marc:subfield code="a">TL545</marc:subfield>
      </marc:datafield>
      <marc:datafield tag="100" ind1="1" ind2=" ">
         <marc:subfield code="a">Nataraj Bhargav, Vikas,</marc:subfield>
         <marc:subfield code="e">author</marc:subfield>
      </marc:datafield>
      <marc:datafield tag="245" ind1="1" ind2="0">
         <marc:subfield code="a">Experimental Characterization of Supersonic Dual Impinging Jet Flows /</marc:subfield>
         <marc:subfield code="c">by Vikas Nataraj Bhargav</marc:subfield>
      </marc:datafield>
      <marc:datafield tag="264" ind1=" " ind2="1">
         <marc:subfield code="a">Tallahassee, Florida :</marc:subfield>
         <marc:subfield code="b">Florida State University,</marc:subfield>
         <marc:subfield code="c">2022</marc:subfield>
      </marc:datafield>
      <marc:datafield tag="300" ind1=" " ind2=" ">
         <marc:subfield code="a">1 online resource (131 pages)</marc:subfield>
      </marc:datafield>
      <marc:datafield tag="336" ind1=" " ind2=" ">
         <marc:subfield code="a">text</marc:subfield>
         <marc:subfield code="b">txt</marc:subfield>
         <marc:subfield code="2">rdacontent</marc:subfield>
      </marc:datafield>
      <marc:datafield tag="337" ind1=" " ind2=" ">
         <marc:subfield code="a">computer</marc:subfield>
         <marc:subfield code="b">c</marc:subfield>
         <marc:subfield code="2">rdamedia</marc:subfield>
      </marc:datafield>
      <marc:datafield tag="338" ind1=" " ind2=" ">
         <marc:subfield code="a">online resource</marc:subfield>
         <marc:subfield code="b">cr</marc:subfield>
         <marc:subfield code="2">rdacarrier</marc:subfield>
      </marc:datafield>
      <marc:datafield tag="347" ind1=" " ind2=" ">
         <marc:subfield code="a">text file</marc:subfield>
         <marc:subfield code="2">rdaft</marc:subfield>
      </marc:datafield>
      <marc:datafield tag="347" ind1=" " ind2=" ">
         <marc:subfield code="b">PDF</marc:subfield>
      </marc:datafield>
      <marc:datafield tag="538" ind1=" " ind2=" ">
         <marc:subfield code="a">System requirements: Adobe Reader or other PDF viewer.</marc:subfield>
      </marc:datafield>
      <marc:datafield tag="588" ind1=" " ind2=" ">
         <marc:subfield code="a">Description based on online resource; title from PDF title page.</marc:subfield>
      </marc:datafield>
      <marc:datafield tag="500" ind1=" " ind2=" ">
         <marc:subfield code="a">Extent pagination is PDF page count.</marc:subfield>
      </marc:datafield>
      <marc:datafield tag="500" ind1=" " ind2=" ">
         <marc:subfield code="a">Advisory committee: Rajan Kumar, Professor Co-Directing Dissertation; Farrukh S. Alvi, Professor Co-Directing Dissertation; Christopher Tam, University Representative; S. Unnikrishnan, Committee Member; Jonathan Clark, Committee Member; Jonas Gustavsson, Committee Member.</marc:subfield>
      </marc:datafield>
      <marc:datafield tag="500" ind1=" " ind2=" ">
         <marc:subfield code="a">A Dissertation submitted to the Department of Mechanical Engineering in partial fulfillment of the requirements for the degree of Doctor of Philosophy.</marc:subfield>
      </marc:datafield>
      <marc:datafield tag="500" ind1=" " ind2=" ">
         <marc:subfield code="a">Date of Defense: April 5, 2022.</marc:subfield>
      </marc:datafield>
      <marc:datafield tag="500" ind1=" " ind2=" ">
         <marc:subfield code="a">Keywords: Aeroacoustics, Dual impinging jets, Jet noise, Relative jet momentum flux, Relative jet temperature, Supersonic impinging jets.</marc:subfield>
      </marc:datafield>
      <marc:datafield tag="502" ind1=" " ind2=" ">
         <marc:subfield code="b">Ph.D.</marc:subfield>
         <marc:subfield code="c">Florida State University</marc:subfield>
         <marc:subfield code="d">2022.</marc:subfield>
      </marc:datafield>
      <marc:datafield tag="520" ind1="3" ind2=" ">
         <marc:subfield code="a">The impinging jet flowfield observed during take-off and landing of a STOVL aircraft is known to be associated with several adverse effects such as strong acoustic emission, unsteady structural loads, loss of engine efficiency due to hot gas ingestion, thermal stresses on the deck surface, and loss of lift. This flowfield has been well studied from the standpoint of characterizing the induced lift forces and moments caused by fountain flows, unique to such a flowfield. However, in the scenario of two such jets operating in tandem where properties are influenced by jet-jet interaction and coupling, are relatively unknown. Also, there is a lack of understanding of the consequences of difference in the momentum-flux and temperature of the two jets on the flow and acoustic properties. Therefore, the fundamental goal of this study is to systematically assess how different parameters such as momentum-flux and temperature affect the flow and acoustic properties of supersonic dual impinging jets. Thus, the three objectives of this study are: (1) How are the characteristics of supersonic dual impinging jets different from those of a supersonic single impinging jet? (2) What is the effect of relative momentum-flux between the two jets, on the aeroacoustic characteristics of supersonic dual impinging jets? (3) What is the effect of relative temperature, on the aeroacoustic characteristics of supersonic dual impinging jets? To address the first objective, experimental investigation of the flowfield associated with two, under-expanded impinging jets operating at a Nozzle Pressure Ratio (NPR) of 2.65, discharged from identical converging nozzles with an exit diameter of 25.4 mm, is performed. Comparisons with a single impinging jet, operating at the same conditions are provided through shadowgraph flow visualizations, nearfield acoustics, and surface pressure measurements. Fountain flow produced by the interaction of wall jets, a unique feature of dual impinging jets, is found to be relatively strong at short impingement heights and contributed to additional loads on the ground surface. Overall flow unsteadiness in dual jets is less than that in a single jet at conditions involving resonance and the fountain upwash plays an important role in the process. Although the feedback mechanism that drives the resonance in both impinging jet configurations is similar and the corresponding instability mode shapes are retained, there are differences in the strengths of the instability modes between the two configurations. To address the second objective, flowfield is characterized by systematically varying the relative jet momentum-flux between the jets. A converging and converging-diverging (CD) nozzle pair, with identical throat and exit diameters, respectively, is employed during the study. The CD (right) nozzle is held at a fixed over-expanded nozzle pressure ratio (NPR) of 3, and the momentum flux of jet from converging (left) nozzle is varied by changing its expansion ratio (ER). Schlieren flow visualization and ground plane surface pressure measurements indicate that the fountain flow position and strength exhibit a strong dependence on the jet momentum flux and a weak dependence on the impingement height. Further, an increase in momentum of the left jet causes the resonance in the right jet to lose its strength and its influence on the unsteadiness of the left jet, owed to the proximity of the fountain flow to the resonating jet. The presence of fountain upwash is found to alter the symmetry of streamlines, shear layer growth characteristics, and turbulent kinetic energy of the right jet. Under certain conditions, the fountain is close enough to significantly interact with the right jet and change the characteristics of the inner shear layer. Thereby, the processes constituting the feedback mechanism are notably altered and culminates in a weaker resonance. To address the third objective, the flowfield is characterized by systematically varying the relative jet temperature between the jets by increasing the temperature of only one of the jets (right). The NPR of the two jets are held fixed at conditions same as those used for the second objective. Qualitative visualization of the flowfield suggests that the left jet and fountain regions remain nearly unaffected by the right jet temperature. However, a corresponding increase in the jet velocity occurs in the right jet. Both the fountain position and its strength are independent of relative jet temperature and a strong function of the jet momentum flux. The increase in jet temperature also results in additional noise in the nearfield and increased unsteadiness on the impingement surface, although the latter is limited to short impingement heights and the region close to the right jet. At higher temperatures, short impingement heights are found to be more susceptible to resonance, with the chief source of resonance originating in the heated jet. At a fixed impingement height, while the jet instability mode shapes are retained, the corresponding impingement tones in the heated jet experience a systematic increment in frequency with rise in temperature. A detailed study of the velocity field suggest that, for a pair of jets at a given relative jet momentum flux, their fountain upwash could contribute to increased unsteadiness in the region around the nozzle (under-surface of the aircraft) at higher jet temperatures. The present experimental study significantly enhances the understanding of the impinging jet flowfield and its associated impacts on the parent aircraft, noise field and nearby structures. From an engineering standpoint, the results from this study will help inform aerodynamicists and structural engineers about the consequences of multi-jet-impingement configurations in STOVL applications. This is done through a systematic characterization of several parameters, which would provide the design guidelines. The three key findings of this study are: (1) Dual impinging jet flow and acoustic fields are strongly influenced by the fountain flow; (2) Fountain strength and placement relative to the jets, plays an important role in influencing the ground induced adverse effects. This in turn depends on the momentum of the jets; (3) Jet temperature can also worsen these effects, although this is a weaker factor than jet momentum From a scientific stand point, the results from this study provide a high fidelity database for the validation of numerical tools on dual impinging jet configuration. Furthermore, the present study provides the baseline data to help study flow and noise control techniques for dual impinging jets.</marc:subfield>
      </marc:datafield>
      <marc:datafield tag="504" ind1=" " ind2=" ">
         <marc:subfield code="a">Includes bibliographical references.</marc:subfield>
      </marc:datafield>
      <marc:datafield tag="650" ind1=" " ind2="0">
         <marc:subfield code="a">Engineering</marc:subfield>
      </marc:datafield>
      <marc:datafield tag="650" ind1=" " ind2="0">
         <marc:subfield code="a">Aerospace engineering</marc:subfield>
      </marc:datafield>
      <marc:datafield tag="650" ind1=" " ind2="0">
         <marc:subfield code="a">Mechanical engineering</marc:subfield>
      </marc:datafield>
      <marc:datafield tag="655" ind1=" " ind2="7">
         <marc:subfield code="a">Electronic Thesis or Dissertation.</marc:subfield>
         <marc:subfield code="2">dct</marc:subfield>
      </marc:datafield>
      <marc:datafield tag="690" ind1=" " ind2="7">
         <marc:subfield code="a">FSU Dissertations.</marc:subfield>
         <marc:subfield code="2">local</marc:subfield>
         <marc:subfield code="9">LOCAL</marc:subfield>
      </marc:datafield>
      <marc:datafield tag="710" ind1="2" ind2=" ">
         <marc:subfield code="a">Florida State University.</marc:subfield>
         <marc:subfield code="e">degree granting institution.</marc:subfield>
         <marc:subfield code="0">http://id.loc.gov/authorities/names/n80126238</marc:subfield>
      </marc:datafield>
      <marc:datafield tag="856" ind1="4" ind2="0">
         <marc:subfield code="3">DigiNole</marc:subfield>
         <marc:subfield code="u">https://purl.lib.fsu.edu/diginole/2022_NatarajBhargav_fsu_0071E_17027</marc:subfield>
         <marc:subfield code="y">Connect to online content:</marc:subfield>
      </marc:datafield>
      <marc:datafield tag="796" ind1="1" ind2=" ">
         <marc:subfield code="a">Kumar, Rajan</marc:subfield>
         <marc:subfield code="c">(Professor of Mechanical Engineering),</marc:subfield>
         <marc:subfield code="e">professor co-directing dissertation</marc:subfield>
         <marc:subfield code="9">LOCAL</marc:subfield>
      </marc:datafield>
      <marc:datafield tag="796" ind1="1" ind2=" ">
         <marc:subfield code="a">Alvi, Farrukh S.,</marc:subfield>
         <marc:subfield code="e">professor co-directing dissertation</marc:subfield>
         <marc:subfield code="9">LOCAL</marc:subfield>
      </marc:datafield>
      <marc:datafield tag="796" ind1="1" ind2=" ">
         <marc:subfield code="a">Tam, Christopher K. W.,</marc:subfield>
         <marc:subfield code="e">university representative</marc:subfield>
         <marc:subfield code="9">LOCAL</marc:subfield>
      </marc:datafield>
      <marc:datafield tag="796" ind1="1" ind2=" ">
         <marc:subfield code="a">Clark, Jonathan E.,</marc:subfield>
         <marc:subfield code="e">committee member</marc:subfield>
         <marc:subfield code="9">LOCAL</marc:subfield>
      </marc:datafield>
      <marc:datafield tag="796" ind1="1" ind2=" ">
         <marc:subfield code="a">Gustavsson, Jonas,</marc:subfield>
         <marc:subfield code="e">committee member</marc:subfield>
         <marc:subfield code="9">LOCAL</marc:subfield>
      </marc:datafield>
      <marc:datafield tag="797" ind1="2" ind2=" ">
         <marc:subfield code="a">Florida State University.</marc:subfield>
         <marc:subfield code="b">.</marc:subfield>
         <marc:subfield code="9">LOCAL</marc:subfield>
      </marc:datafield>
      <marc:datafield tag="904" ind1=" " ind2=" ">
         <marc:subfield code="a">0</marc:subfield>
         <marc:subfield code="9">LOCAL</marc:subfield>
      </marc:datafield>
   </marc:record>