
   <marc:record>
      <marc:leader>     nam  22      i 4500</marc:leader>
      <marc:controlfield tag="006">m     o  d        </marc:controlfield>
      <marc:controlfield tag="007">cr |||||||||||</marc:controlfield>
      <marc:controlfield tag="008">      s2022    flu     obm   000 0 eng d</marc:controlfield>
      <marc:datafield tag="040" ind1=" " ind2=" ">
         <marc:subfield code="a">FDA</marc:subfield>
         <marc:subfield code="b">eng</marc:subfield>
         <marc:subfield code="e">rda</marc:subfield>
         <marc:subfield code="c">FDA</marc:subfield>
      </marc:datafield>
      <marc:datafield tag="050" ind1=" " ind2="4">
         <marc:subfield code="a">QD31.3</marc:subfield>
      </marc:datafield>
      <marc:datafield tag="100" ind1="1" ind2=" ">
         <marc:subfield code="a">Patel, Sawankumar Vasantbhai,</marc:subfield>
         <marc:subfield code="e">author</marc:subfield>
      </marc:datafield>
      <marc:datafield tag="245" ind1="1" ind2="4">
         <marc:subfield code="a">The Effect of Mixed Anion Sublattice on Lithium-Ion Transport Properties /</marc:subfield>
         <marc:subfield code="c">by Sawankumar Vasantbhai Patel</marc:subfield>
      </marc:datafield>
      <marc:datafield tag="264" ind1=" " ind2="1">
         <marc:subfield code="a">Tallahassee, Florida :</marc:subfield>
         <marc:subfield code="b">Florida State University,</marc:subfield>
         <marc:subfield code="c">2022</marc:subfield>
      </marc:datafield>
      <marc:datafield tag="300" ind1=" " ind2=" ">
         <marc:subfield code="a">1 online resource (150 pages)</marc:subfield>
      </marc:datafield>
      <marc:datafield tag="336" ind1=" " ind2=" ">
         <marc:subfield code="a">text</marc:subfield>
         <marc:subfield code="b">txt</marc:subfield>
         <marc:subfield code="2">rdacontent</marc:subfield>
      </marc:datafield>
      <marc:datafield tag="337" ind1=" " ind2=" ">
         <marc:subfield code="a">computer</marc:subfield>
         <marc:subfield code="b">c</marc:subfield>
         <marc:subfield code="2">rdamedia</marc:subfield>
      </marc:datafield>
      <marc:datafield tag="338" ind1=" " ind2=" ">
         <marc:subfield code="a">online resource</marc:subfield>
         <marc:subfield code="b">cr</marc:subfield>
         <marc:subfield code="2">rdacarrier</marc:subfield>
      </marc:datafield>
      <marc:datafield tag="347" ind1=" " ind2=" ">
         <marc:subfield code="a">text file</marc:subfield>
         <marc:subfield code="2">rdaft</marc:subfield>
      </marc:datafield>
      <marc:datafield tag="347" ind1=" " ind2=" ">
         <marc:subfield code="b">PDF</marc:subfield>
      </marc:datafield>
      <marc:datafield tag="538" ind1=" " ind2=" ">
         <marc:subfield code="a">System requirements: Adobe Reader or other PDF viewer.</marc:subfield>
      </marc:datafield>
      <marc:datafield tag="588" ind1=" " ind2=" ">
         <marc:subfield code="a">Description based on online resource; title from PDF title page.</marc:subfield>
      </marc:datafield>
      <marc:datafield tag="500" ind1=" " ind2=" ">
         <marc:subfield code="a">Extent pagination is PDF page count.</marc:subfield>
      </marc:datafield>
      <marc:datafield tag="500" ind1=" " ind2=" ">
         <marc:subfield code="a">Advisory committee: Yan-Yan Hu, Professor Directing Dissertation; Daniel Hallinan, University Representative; Michael Shatruk, Committee Member; Kenneth Hanson, Committee Member.</marc:subfield>
      </marc:datafield>
      <marc:datafield tag="500" ind1=" " ind2=" ">
         <marc:subfield code="a">A Dissertation submitted to the Department Chemistry and Biochemistry in partial fulfillment of the requirements for the degree of Doctor of Philosophy.</marc:subfield>
      </marc:datafield>
      <marc:datafield tag="500" ind1=" " ind2=" ">
         <marc:subfield code="a">Date of Defense: March 31, 2022.</marc:subfield>
      </marc:datafield>
      <marc:datafield tag="500" ind1=" " ind2=" ">
         <marc:subfield code="a">Keywords: anion disorder, ion transport pathway, solid electrolye, solid-state chemistry, solid-state NMR, structure analysis.</marc:subfield>
      </marc:datafield>
      <marc:datafield tag="502" ind1=" " ind2=" ">
         <marc:subfield code="b">Ph.D.</marc:subfield>
         <marc:subfield code="c">Florida State University</marc:subfield>
         <marc:subfield code="d">2022.</marc:subfield>
      </marc:datafield>
      <marc:datafield tag="520" ind1="3" ind2=" ">
         <marc:subfield code="a">This dissertation is focused on studying the effects of mixed-anion sublattice on Li+-ion conduction. Mixed-anion sublattice comprises multiple anion species in a structural framework which increases the degrees of freedom in tuning structural properties due to the differences in the anion radii, electronegativity, and polarizability. Thus, properties such as ionic vs. covalent bonding, local polyhedral distortions, and anion site disorder can be tuned for fast Li+-ion transport. Utilizing strategic synthesis of mixed-anion materials with compatible chemistries and advanced characterization techniques, structure-property correlations are established to understand the origin of fast Li+-ion conduction. The mixed-anion materials examined are the argyrodite Li6-xPS5-xClBrx, Li3PO4 – LiI, and 2LiX-GaF3 (where X = Cl-, Br- or I-). Solid-state synthesis accompanied by high-energy milling is utilized to synthesize these materials. X-ray and neutron diffraction are employed to study long-range structures whereas nuclear magnetic resonance (NMR) and Pair Distribution Function (PDF) analysis are used to determine local structures. Additionally, NMR relaxometry and EIS spectroscopy are utilized to study ion dynamics and transport and correlate these properties with refined structures. In the argyrodite structural framework, mixed-site occupancy of Cl-, Br-, and S2- is shown to enhance lithium transport properties by increasing the frequency and lowering the activation energy of lithium jumps. In the Li3PO4 – LiI composite, I- anions are used to interrupt the ordered PO43- network in Li3PO4, which destabilizes Li+-PO43- interaction and liberates Li+-ions with enhanced ionic conductivity. A similar mechanism is found in the 2LiX-GaF3 (where X = Cl-, Br- or I-) by the formation of complex GaXaFb anions that weaken lithium-anion interactions, yielding high ionic conductivity. In the Li1.05Hf0.05Ta1.95PO8 – 0.15LiF, the addition of LiF is shown to stabilize the Hf-doped LiTa2PO8 and improve the grain boundary transport properties. Overall, anion diversification is shown to be effective to enhance ionic conductivity by flattening the energy landscape for ion conduction. Additionally, metastable phases are observed that exhibit enhanced performance with this strategy. The fundamental understanding of lithium-ion transport mechanism in anion engineered framework in this study provides guidelines for designing high-performance materials as solid electrolytes for all-solid-state batteries and can be applied to materials beyond Li+-ion conductors, such as Mg2+, Ca2+, Zn2+, K+, and Na+-ion conductors.xx Furthermore, the mixed-anion strategy can be used to make new metastable phases that may exhibit unprecedented functionality.</marc:subfield>
      </marc:datafield>
      <marc:datafield tag="504" ind1=" " ind2=" ">
         <marc:subfield code="a">Includes bibliographical references.</marc:subfield>
      </marc:datafield>
      <marc:datafield tag="506" ind1=" " ind2=" ">
         <marc:subfield code="a">This thesis/dissertation may be embargoed for a limited time. Click access link to check availability.</marc:subfield>
      </marc:datafield>
      <marc:datafield tag="650" ind1=" " ind2="0">
         <marc:subfield code="a">Chemistry</marc:subfield>
      </marc:datafield>
      <marc:datafield tag="655" ind1=" " ind2="7">
         <marc:subfield code="a">Electronic Thesis or Dissertation.</marc:subfield>
         <marc:subfield code="2">dct</marc:subfield>
      </marc:datafield>
      <marc:datafield tag="690" ind1=" " ind2="7">
         <marc:subfield code="a">FSU Dissertations.</marc:subfield>
         <marc:subfield code="2">local</marc:subfield>
         <marc:subfield code="9">LOCAL</marc:subfield>
      </marc:datafield>
      <marc:datafield tag="710" ind1="2" ind2=" ">
         <marc:subfield code="a">Florida State University.</marc:subfield>
         <marc:subfield code="e">degree granting institution.</marc:subfield>
         <marc:subfield code="0">http://id.loc.gov/authorities/names/n80126238</marc:subfield>
      </marc:datafield>
      <marc:datafield tag="856" ind1="4" ind2="0">
         <marc:subfield code="3">DigiNole</marc:subfield>
         <marc:subfield code="u">https://purl.lib.fsu.edu/diginole/2022_Patel_fsu_0071E_17044</marc:subfield>
         <marc:subfield code="y">Connect to online content:</marc:subfield>
      </marc:datafield>
      <marc:datafield tag="796" ind1="1" ind2=" ">
         <marc:subfield code="a">Hu, Yan-yan,</marc:subfield>
         <marc:subfield code="e">professor directing dissertation</marc:subfield>
         <marc:subfield code="9">LOCAL</marc:subfield>
      </marc:datafield>
      <marc:datafield tag="796" ind1="1" ind2=" ">
         <marc:subfield code="a">Hallinan, Daniel T.,</marc:subfield>
         <marc:subfield code="c">Jr.,</marc:subfield>
         <marc:subfield code="e">university representative</marc:subfield>
         <marc:subfield code="9">LOCAL</marc:subfield>
      </marc:datafield>
      <marc:datafield tag="796" ind1="1" ind2=" ">
         <marc:subfield code="a">Shatruk, Mykhailo,</marc:subfield>
         <marc:subfield code="e">committee member</marc:subfield>
         <marc:subfield code="9">LOCAL</marc:subfield>
      </marc:datafield>
      <marc:datafield tag="796" ind1="1" ind2=" ">
         <marc:subfield code="a">Hanson, Kenneth G.,</marc:subfield>
         <marc:subfield code="e">committee member</marc:subfield>
         <marc:subfield code="9">LOCAL</marc:subfield>
      </marc:datafield>
      <marc:datafield tag="797" ind1="2" ind2=" ">
         <marc:subfield code="a">Florida State University.</marc:subfield>
         <marc:subfield code="b">Department Chemistry and Biochemistry.</marc:subfield>
         <marc:subfield code="9">LOCAL</marc:subfield>
      </marc:datafield>
      <marc:datafield tag="904" ind1=" " ind2=" ">
         <marc:subfield code="a">4</marc:subfield>
         <marc:subfield code="9">LOCAL</marc:subfield>
      </marc:datafield>
   </marc:record>