
   <marc:record>
      <marc:leader>     nam  22      i 4500</marc:leader>
      <marc:controlfield tag="006">m     o  d        </marc:controlfield>
      <marc:controlfield tag="007">cr |||||||||||</marc:controlfield>
      <marc:controlfield tag="008">      s2022    flu     obm   000 0 eng d</marc:controlfield>
      <marc:datafield tag="040" ind1=" " ind2=" ">
         <marc:subfield code="a">FDA</marc:subfield>
         <marc:subfield code="b">eng</marc:subfield>
         <marc:subfield code="e">rda</marc:subfield>
         <marc:subfield code="c">FDA</marc:subfield>
      </marc:datafield>
      <marc:datafield tag="050" ind1=" " ind2="4">
         <marc:subfield code="a">D</marc:subfield>
      </marc:datafield>
      <marc:datafield tag="100" ind1="1" ind2=" ">
         <marc:subfield code="a">Qi, Guanxiong,</marc:subfield>
         <marc:subfield code="e">author</marc:subfield>
      </marc:datafield>
      <marc:datafield tag="245" ind1="1" ind2="4">
         <marc:subfield code="a">The "Late-Ming Beats" and the Monastic Accommodation in the Early 17th Century Hangzhou /</marc:subfield>
         <marc:subfield code="c">by Guanxiong Qi</marc:subfield>
      </marc:datafield>
      <marc:datafield tag="264" ind1=" " ind2="1">
         <marc:subfield code="a">Tallahassee, Florida :</marc:subfield>
         <marc:subfield code="b">Florida State University,</marc:subfield>
         <marc:subfield code="c">2022</marc:subfield>
      </marc:datafield>
      <marc:datafield tag="300" ind1=" " ind2=" ">
         <marc:subfield code="a">1 online resource (138 pages)</marc:subfield>
      </marc:datafield>
      <marc:datafield tag="336" ind1=" " ind2=" ">
         <marc:subfield code="a">text</marc:subfield>
         <marc:subfield code="b">txt</marc:subfield>
         <marc:subfield code="2">rdacontent</marc:subfield>
      </marc:datafield>
      <marc:datafield tag="337" ind1=" " ind2=" ">
         <marc:subfield code="a">computer</marc:subfield>
         <marc:subfield code="b">c</marc:subfield>
         <marc:subfield code="2">rdamedia</marc:subfield>
      </marc:datafield>
      <marc:datafield tag="338" ind1=" " ind2=" ">
         <marc:subfield code="a">online resource</marc:subfield>
         <marc:subfield code="b">cr</marc:subfield>
         <marc:subfield code="2">rdacarrier</marc:subfield>
      </marc:datafield>
      <marc:datafield tag="347" ind1=" " ind2=" ">
         <marc:subfield code="a">text file</marc:subfield>
         <marc:subfield code="2">rdaft</marc:subfield>
      </marc:datafield>
      <marc:datafield tag="347" ind1=" " ind2=" ">
         <marc:subfield code="b">PDF</marc:subfield>
      </marc:datafield>
      <marc:datafield tag="538" ind1=" " ind2=" ">
         <marc:subfield code="a">System requirements: Adobe Reader or other PDF viewer.</marc:subfield>
      </marc:datafield>
      <marc:datafield tag="588" ind1=" " ind2=" ">
         <marc:subfield code="a">Description based on online resource; title from PDF title page.</marc:subfield>
      </marc:datafield>
      <marc:datafield tag="500" ind1=" " ind2=" ">
         <marc:subfield code="a">Extent pagination is PDF page count.</marc:subfield>
      </marc:datafield>
      <marc:datafield tag="500" ind1=" " ind2=" ">
         <marc:subfield code="a">Advisory committee: Jimmy Yu, Professor Directing Thesis; Bryan Cuevas, Committee Member; Joseph Hellweg, Committee Member.</marc:subfield>
      </marc:datafield>
      <marc:datafield tag="500" ind1=" " ind2=" ">
         <marc:subfield code="a">A Thesis submitted to the Department of Religion in partial fulfillment of the requirements for the degree of Master of Arts.</marc:subfield>
      </marc:datafield>
      <marc:datafield tag="500" ind1=" " ind2=" ">
         <marc:subfield code="a">Date of Defense: March 25, 2022.</marc:subfield>
      </marc:datafield>
      <marc:datafield tag="500" ind1=" " ind2=" ">
         <marc:subfield code="a">Keywords: Beat Generation, Buddhism, Buddhist history, Chinese Buddhism, Cultural History, Ming History.</marc:subfield>
      </marc:datafield>
      <marc:datafield tag="502" ind1=" " ind2=" ">
         <marc:subfield code="b">M.A.</marc:subfield>
         <marc:subfield code="c">Florida State University</marc:subfield>
         <marc:subfield code="d">2022.</marc:subfield>
      </marc:datafield>
      <marc:datafield tag="520" ind1="3" ind2=" ">
         <marc:subfield code="a">This study is about the formation of elite lay Buddhist societies in late 16th-century and early 17th century Hangzhou. In this era, many classically trained Confucian scholars were not only philosophically inclined to Buddhist doctrines but also financially supportive of monastic construction projects in remote mountains as a deliberate attempt to create an ideal site for their exclusive enjoyment. I heuristically call these Confucian scholars the “Late-Ming Beats”—they were usually either politically frustrated officials or failed civil service examinees. They fantasized about living a reclusive life, retired from politics at a young age, regularly visited and patronized Buddhist monasteries, befriended the monastics, funded the constructions and renovations of the monastic buildings, and practiced meditation under their favorite Buddhist masters. One may entertain the idea that the foundation of Buddhist societies in the late Ming was an analog to the Beat Generation of the last 1950s’ in the United States. Despite the different socio-historical contexts, what connects these two social phenomena are their counterreaction against repressive societal norms in which Buddhism became the alterity. The Buddhist society fellows were mostly politically frustrated scholar-officials and continuously failed civil service examinees. Many deliberately forfeited their future political careers due to factionalism and partisanship in officialdom. I use Tu Long 屠隆 (1542-1605) as an example to examine his gradual disenchantment with politics and increasing interest in religious practices. What Buddhism signified was a “spritual” escape from the profanity and meaninglessness of politics. In this study, I give historical details about the formation of lay Buddhist communities and the monastic responses to these laities’ presence. I focus on three elite societies—the Society of Fragrant Adornment, the Society of Tranquility, the Society of Vegetable and Bamboo Shoot. The establishment of these societies helped the Late-Ming Beats to conceive an elitist lay Buddhist identity. They believed the literati are the most authentic Buddhists who appreciate the essence of Buddhism and combine Buddhist doctrines with Confucian teachings. I focus on their cultural and financial patronage to the monastery, the society’s monthly gathering program and activities, and their literary style and achievement. Their support and furnishing of cultural artifacts in monastic institutions led to the flourishing of Buddhism in the Hanzhou region. Through their literary productions on local monasteries, their historical treatises, and their compilations of gazetteers, the literati constructed their own version of Buddhism. Then, we shift away from the literati construction of Buddhism to the monastic accommodations to their activities. I focus on the guesthouse, tearoom, ritual, and meditation rooms exclusively created for the literati’s enjoyment in the monastery—in other words, the physicality of literati’s “places of socio-leisure.” By comparing earlier canonized monastic codes with later renditions of these codes that circulated in the early 17th century Hangzhou, I identify the emergence of several monastic “hospitality” office posts—such as special chef for the guest and the charity workers. These findings suggest an increase in interaction between the monastic and the elite laity. Catered to attracting more literati, the powerful monasteries in the mountains also expanded their institutional reach by building sub-temples (xiayuan 下院) or branch temples (ziyuan 子院) in the city. For these monasteries in remote areas, the operation of sub-temple and branches overcame their geographical disadvantages. Finally, through this microhistory of Buddhism in the Hangzhou region, I wish to complicate existing scholarship of Buddhism in the late imperial era by suggesting that the “late-Ming Buddhist revival” was a co-creation of the literati’s imagination of the Buddhist monastery as an otherworldly place of leisure and the monastic institutional accommodation to their imagined space. In this sense, the flourishing of Buddhist monasticism was predicated on the fantasies of elite lay Buddhist patrons. I argue that it is essential to understand the historical development of Buddhism from both external and internal contingencies of patrons and monastic institutions.</marc:subfield>
      </marc:datafield>
      <marc:datafield tag="504" ind1=" " ind2=" ">
         <marc:subfield code="a">Includes bibliographical references.</marc:subfield>
      </marc:datafield>
      <marc:datafield tag="650" ind1=" " ind2="0">
         <marc:subfield code="a">History</marc:subfield>
      </marc:datafield>
      <marc:datafield tag="651" ind1=" " ind2="0">
         <marc:subfield code="a">Asia</marc:subfield>
         <marc:subfield code="x">Study and teaching</marc:subfield>
      </marc:datafield>
      <marc:datafield tag="650" ind1=" " ind2="0">
         <marc:subfield code="a">Sociology</marc:subfield>
      </marc:datafield>
      <marc:datafield tag="655" ind1=" " ind2="7">
         <marc:subfield code="a">Electronic Thesis or Dissertation.</marc:subfield>
         <marc:subfield code="2">dct</marc:subfield>
      </marc:datafield>
      <marc:datafield tag="690" ind1=" " ind2="7">
         <marc:subfield code="a">FSU Dissertations.</marc:subfield>
         <marc:subfield code="2">local</marc:subfield>
         <marc:subfield code="9">LOCAL</marc:subfield>
      </marc:datafield>
      <marc:datafield tag="710" ind1="2" ind2=" ">
         <marc:subfield code="a">Florida State University.</marc:subfield>
         <marc:subfield code="e">degree granting institution.</marc:subfield>
         <marc:subfield code="0">http://id.loc.gov/authorities/names/n80126238</marc:subfield>
      </marc:datafield>
      <marc:datafield tag="856" ind1="4" ind2="0">
         <marc:subfield code="3">DigiNole</marc:subfield>
         <marc:subfield code="u">https://purl.lib.fsu.edu/diginole/2022_Qi_fsu_0071N_17181</marc:subfield>
         <marc:subfield code="y">Connect to online content:</marc:subfield>
      </marc:datafield>
      <marc:datafield tag="796" ind1="1" ind2=" ">
         <marc:subfield code="a">Yu, Jimmy,</marc:subfield>
         <marc:subfield code="e">professor directing thesis</marc:subfield>
         <marc:subfield code="9">LOCAL</marc:subfield>
      </marc:datafield>
      <marc:datafield tag="796" ind1="1" ind2=" ">
         <marc:subfield code="a">Cuevas, Bryan J.,</marc:subfield>
         <marc:subfield code="d">1967-</marc:subfield>
         <marc:subfield code="e">committee member</marc:subfield>
         <marc:subfield code="9">LOCAL</marc:subfield>
      </marc:datafield>
      <marc:datafield tag="796" ind1="1" ind2=" ">
         <marc:subfield code="a">Hellweg, Joseph,</marc:subfield>
         <marc:subfield code="e">committee member</marc:subfield>
         <marc:subfield code="9">LOCAL</marc:subfield>
      </marc:datafield>
      <marc:datafield tag="797" ind1="2" ind2=" ">
         <marc:subfield code="a">Florida State University.</marc:subfield>
         <marc:subfield code="b">Department of Religion.</marc:subfield>
         <marc:subfield code="9">LOCAL</marc:subfield>
      </marc:datafield>
      <marc:datafield tag="904" ind1=" " ind2=" ">
         <marc:subfield code="a">0</marc:subfield>
         <marc:subfield code="9">LOCAL</marc:subfield>
      </marc:datafield>
   </marc:record>