
   <marc:record>
      <marc:leader>     nam  22      i 4500</marc:leader>
      <marc:controlfield tag="006">m     o  d        </marc:controlfield>
      <marc:controlfield tag="007">cr |||||||||||</marc:controlfield>
      <marc:controlfield tag="008">      s2022    flu     obm   000 0 eng d</marc:controlfield>
      <marc:datafield tag="040" ind1=" " ind2=" ">
         <marc:subfield code="a">FDA</marc:subfield>
         <marc:subfield code="b">eng</marc:subfield>
         <marc:subfield code="e">rda</marc:subfield>
         <marc:subfield code="c">FDA</marc:subfield>
      </marc:datafield>
      <marc:datafield tag="050" ind1=" " ind2="4">
         <marc:subfield code="a">HV6024.5</marc:subfield>
      </marc:datafield>
      <marc:datafield tag="100" ind1="1" ind2=" ">
         <marc:subfield code="a">Rocker, Dixie L.</marc:subfield>
         <marc:subfield code="q">(Dixie Len),</marc:subfield>
         <marc:subfield code="e">author</marc:subfield>
      </marc:datafield>
      <marc:datafield tag="245" ind1="1" ind2="4">
         <marc:subfield code="a">The Effect of Parenthood on Reentry Outcomes :</marc:subfield>
         <marc:subfield code="b">A Consideration of Gender and Parent-Child Relationship Quality /</marc:subfield>
         <marc:subfield code="c">by Dixie L. Rocker</marc:subfield>
      </marc:datafield>
      <marc:datafield tag="264" ind1=" " ind2="1">
         <marc:subfield code="a">Tallahassee, Florida :</marc:subfield>
         <marc:subfield code="b">Florida State University,</marc:subfield>
         <marc:subfield code="c">2022</marc:subfield>
      </marc:datafield>
      <marc:datafield tag="300" ind1=" " ind2=" ">
         <marc:subfield code="a">1 online resource (136 pages)</marc:subfield>
      </marc:datafield>
      <marc:datafield tag="336" ind1=" " ind2=" ">
         <marc:subfield code="a">text</marc:subfield>
         <marc:subfield code="b">txt</marc:subfield>
         <marc:subfield code="2">rdacontent</marc:subfield>
      </marc:datafield>
      <marc:datafield tag="337" ind1=" " ind2=" ">
         <marc:subfield code="a">computer</marc:subfield>
         <marc:subfield code="b">c</marc:subfield>
         <marc:subfield code="2">rdamedia</marc:subfield>
      </marc:datafield>
      <marc:datafield tag="338" ind1=" " ind2=" ">
         <marc:subfield code="a">online resource</marc:subfield>
         <marc:subfield code="b">cr</marc:subfield>
         <marc:subfield code="2">rdacarrier</marc:subfield>
      </marc:datafield>
      <marc:datafield tag="347" ind1=" " ind2=" ">
         <marc:subfield code="a">text file</marc:subfield>
         <marc:subfield code="2">rdaft</marc:subfield>
      </marc:datafield>
      <marc:datafield tag="347" ind1=" " ind2=" ">
         <marc:subfield code="b">PDF</marc:subfield>
      </marc:datafield>
      <marc:datafield tag="538" ind1=" " ind2=" ">
         <marc:subfield code="a">System requirements: Adobe Reader or other PDF viewer.</marc:subfield>
      </marc:datafield>
      <marc:datafield tag="588" ind1=" " ind2=" ">
         <marc:subfield code="a">Description based on online resource; title from PDF title page.</marc:subfield>
      </marc:datafield>
      <marc:datafield tag="500" ind1=" " ind2=" ">
         <marc:subfield code="a">Extent pagination is PDF page count.</marc:subfield>
      </marc:datafield>
      <marc:datafield tag="500" ind1=" " ind2=" ">
         <marc:subfield code="a">Advisory committee: Brian J. Stults, Professor Directing Dissertation; Miles Taylor, University Representative; Carter Hay, Committee Member; Jillian J. Turanovic, Committee Member.</marc:subfield>
      </marc:datafield>
      <marc:datafield tag="500" ind1=" " ind2=" ">
         <marc:subfield code="a">A Dissertation submitted to the College of Criminology and Criminal Justice in partial fulfillment of the requirements for the degree of Doctor of Philosophy.</marc:subfield>
      </marc:datafield>
      <marc:datafield tag="500" ind1=" " ind2=" ">
         <marc:subfield code="a">Date of Defense: April 4, 2022.</marc:subfield>
      </marc:datafield>
      <marc:datafield tag="500" ind1=" " ind2=" ">
         <marc:subfield code="a">Keywords: Gender, Mental health, Parent-child relationship quality, Parenthood, Re-incarceration, Reentry.</marc:subfield>
      </marc:datafield>
      <marc:datafield tag="502" ind1=" " ind2=" ">
         <marc:subfield code="b">Ph.D.</marc:subfield>
         <marc:subfield code="c">Florida State University</marc:subfield>
         <marc:subfield code="d">2022.</marc:subfield>
      </marc:datafield>
      <marc:datafield tag="520" ind1="3" ind2=" ">
         <marc:subfield code="a">At the end of 2016, approximately 1.5 million people were incarcerated in state and federal prisons (Carson, 2021), and more than half of these prisoners are parents of at least one minor child (Maruschak et al., 2021). Upon their release, most offenders return to their communities with the goal of making a better life for themselves. This includes finding employment, securing housing, overcoming addiction, and desisting from crime. Despite their intentions, many prisoners fail to achieve ‘reentry success’ due to the barriers they face after release. For example, offenders often lack the education and employment history necessary to find jobs or are unable to find resources that address substance abuse. Other barriers directly related to their incarceration, such as criminal records, may bar offenders from finding housing or increase their likelihood of experiencing stigma. The reentry process for parents is even more complex and often ladened with additional hardships. For example, parents may have difficulty providing financially for their children or finding childcare. Other parents may struggle to regain custody/visitation rights they lost while in prison, causing more financial burdens and emotional turmoil. After release, offenders may also be reunited with family. Establishing positive relationships with family members can increase family support and decrease family conflict, both of which are associated with better reentry outcomes (Berg &amp; Huebner, 2011; Cobbina et al., 2012; Mowen &amp; Visher, 2015; Boman &amp; Mowen, 2017; Liu &amp; Visher, 2021). However, released offenders often experience family tension, receive minimal support from family members, or have abusive relationships. For parents, reuniting with family also includes reuniting with their children. Few studies on parenthood during reentry have examined the impact of parents’ relationships with their children, and what studies do exist find mixed results (e.g. Ganem &amp; Agnew, 2007). To the extent that relationships with children operate similarly to other social ties, securing these relationships may be crucial for parents’ reentry success. Furthermore, reentry processes, including ‘reentry success,’ vary by gender (Steffensmeier &amp; Allan, 1996; Bloom et al., 2003; James &amp; Glaze, 2006; Belknap, 2007; Byrne &amp; Trew, 2008; Bakken &amp; Visher, 2018; Pettus-Davis et al., 2018; Mowen &amp; Boman, 2019). Women’s histories with victimization, poor mental health, lower levels of education, tendency towards passive emotions, and inward coping styles contribute to their greater likelihood for problems with addiction and mental health after release. Men’s histories of violence, longer criminal records, and tendency to cope with active emotions (e.g. anger) contribute to their greater likelihood for criminal behavior after release. Gender differences are also found in samples of mothers and fathers. Mothers are more likely to be their child’s primary caregiver, suffer from mental illness, and express more emotions towards their children (Brown &amp; Bloom, 2009; Glaze &amp; Maruschak, 2010; Maruschak et al., 2021). Fathers are less likely to live with their children, serve longer sentences, and emphasize issues with gatekeepers (Glaze &amp; Maruschak, 2010; Kjellstrand et al., 2012; Hlavka et al., 2015; Charles et al., 2019; McKay et al., 2019). However, available research often relies on narrative accounts from released parents and does not include samples of both mothers and fathers. This dissertation seeks to extend research on reentering parents by comparing samples of parents and non-parents, including a measure of parent-child relationship quality, and analyzing differences between mothers and fathers. To that end, data from the Serious and Violent Offender Initiative (SVORI) were used to examine the effect of parenthood, parent gender, and parent-child relationship quality on criminal behavior and mental health 15 months after release. Data consisted of four waves of interviews: 30 days prior to release and 3, 9, and 15 months after release. The final sample included 580 parents and 334 non-parents. From the parent sample, 151 participants were mothers and 429 were fathers. Four measures of criminal behavior were used, including re-incarceration, self-reported drug crimes, self-reported minor crimes, and self-reported interpersonal crimes. Two measures of mental health were used. The first measure was constructed using the Global Severity Index (GSI), which measured symptoms of psychological distress. The second measure was a self-report item that asked respondents to rate their overall mental health status from ‘excellent’ to ‘poor’. In examining the reentry outcomes of released parents, several noteworthy findings emerge. Although not statistically significant, non-parents tended to have worse outcomes in criminal behavior. However, parenthood did appear to have an indirect effect on minor crimes. Parents were more likely to receive family support which in turn decreased their likelihood of minor offending. Key findings for the effects of gender also emerged. Fathers had worse outcomes in criminal behavior, although not significantly worse, and mothers had worse outcomes in mental health. Furthermore, gender had an indirect effect on re-incarceration. Specifically, mothers were less likely to return to prison due, at least in part, to their greater likelihood of being primary caregivers and lesser likelihood of having antisocial peers. Findings also highlighted the importance of parent-child relationships. For example, better relationships with children significantly reduced the likelihood of minor offending. Better parent-child relationships also had an indirect effect on symptoms of psychological distress. Parents who had better relationships with their children also had more family support and less family conflict, which subsequently improved their mental health. Lastly, gender conditioned the effect of parent-child relationship quality on re-incarceration. Better relationships with children reduced the likelihood of returning to prison for mothers but not for fathers. In sum, these findings underscore the need for additional research on reentering parents. Theoretical implications can be made for theories of social bonds/control, general strain theory, and gender paradigms. Additionally, findings support the use of prison-based parenting programs (PBPPs) and provide suggestions for programming to better address the unique needs of parents, particularly as they relate to addressing differences between mothers and fathers.</marc:subfield>
      </marc:datafield>
      <marc:datafield tag="504" ind1=" " ind2=" ">
         <marc:subfield code="a">Includes bibliographical references.</marc:subfield>
      </marc:datafield>
      <marc:datafield tag="650" ind1=" " ind2="0">
         <marc:subfield code="a">Criminology</marc:subfield>
      </marc:datafield>
      <marc:datafield tag="655" ind1=" " ind2="7">
         <marc:subfield code="a">Electronic Thesis or Dissertation.</marc:subfield>
         <marc:subfield code="2">dct</marc:subfield>
      </marc:datafield>
      <marc:datafield tag="690" ind1=" " ind2="7">
         <marc:subfield code="a">FSU Dissertations.</marc:subfield>
         <marc:subfield code="2">local</marc:subfield>
         <marc:subfield code="9">LOCAL</marc:subfield>
      </marc:datafield>
      <marc:datafield tag="710" ind1="2" ind2=" ">
         <marc:subfield code="a">Florida State University.</marc:subfield>
         <marc:subfield code="e">degree granting institution.</marc:subfield>
         <marc:subfield code="0">http://id.loc.gov/authorities/names/n80126238</marc:subfield>
      </marc:datafield>
      <marc:datafield tag="856" ind1="4" ind2="0">
         <marc:subfield code="3">DigiNole</marc:subfield>
         <marc:subfield code="u">https://purl.lib.fsu.edu/diginole/2022_Rocker_fsu_0071E_17105</marc:subfield>
         <marc:subfield code="y">Connect to online content:</marc:subfield>
      </marc:datafield>
      <marc:datafield tag="796" ind1="1" ind2=" ">
         <marc:subfield code="a">Stults, Brian J.,</marc:subfield>
         <marc:subfield code="e">professor directing dissertation</marc:subfield>
         <marc:subfield code="9">LOCAL</marc:subfield>
      </marc:datafield>
      <marc:datafield tag="796" ind1="1" ind2=" ">
         <marc:subfield code="a">Taylor, Miles G.,</marc:subfield>
         <marc:subfield code="d">1976-</marc:subfield>
         <marc:subfield code="e">university representative</marc:subfield>
         <marc:subfield code="9">LOCAL</marc:subfield>
      </marc:datafield>
      <marc:datafield tag="796" ind1="1" ind2=" ">
         <marc:subfield code="a">Hay, Carter H.,</marc:subfield>
         <marc:subfield code="e">committee member</marc:subfield>
         <marc:subfield code="9">LOCAL</marc:subfield>
      </marc:datafield>
      <marc:datafield tag="796" ind1="1" ind2=" ">
         <marc:subfield code="a">Turanovic, Jillian J.,</marc:subfield>
         <marc:subfield code="d">1985-</marc:subfield>
         <marc:subfield code="e">committee member</marc:subfield>
         <marc:subfield code="9">LOCAL</marc:subfield>
      </marc:datafield>
      <marc:datafield tag="797" ind1="2" ind2=" ">
         <marc:subfield code="a">Florida State University.</marc:subfield>
         <marc:subfield code="b">College of Criminology and Criminal Justice.</marc:subfield>
         <marc:subfield code="9">LOCAL</marc:subfield>
      </marc:datafield>
      <marc:datafield tag="904" ind1=" " ind2=" ">
         <marc:subfield code="a">0</marc:subfield>
         <marc:subfield code="9">LOCAL</marc:subfield>
      </marc:datafield>
   </marc:record>