
   <marc:record>
      <marc:leader>     nam  22      i 4500</marc:leader>
      <marc:controlfield tag="006">m     o  d        </marc:controlfield>
      <marc:controlfield tag="007">cr |||||||||||</marc:controlfield>
      <marc:controlfield tag="008">      s2022    flu     obm   000 0 eng d</marc:controlfield>
      <marc:datafield tag="040" ind1=" " ind2=" ">
         <marc:subfield code="a">FDA</marc:subfield>
         <marc:subfield code="b">eng</marc:subfield>
         <marc:subfield code="e">rda</marc:subfield>
         <marc:subfield code="c">FDA</marc:subfield>
      </marc:datafield>
      <marc:datafield tag="050" ind1=" " ind2="4">
         <marc:subfield code="a">QH323.5</marc:subfield>
      </marc:datafield>
      <marc:datafield tag="100" ind1="1" ind2=" ">
         <marc:subfield code="a">Rosenberger, Kristine</marc:subfield>
         <marc:subfield code="q">(Kristine Julia),</marc:subfield>
         <marc:subfield code="e">author</marc:subfield>
      </marc:datafield>
      <marc:datafield tag="245" ind1="1" ind2="0">
         <marc:subfield code="a">Research Synthesis Methods and Their Application to Evidence-Based Medicine /</marc:subfield>
         <marc:subfield code="c">by Kristine Rosenberger</marc:subfield>
      </marc:datafield>
      <marc:datafield tag="264" ind1=" " ind2="1">
         <marc:subfield code="a">Tallahassee, Florida :</marc:subfield>
         <marc:subfield code="b">Florida State University,</marc:subfield>
         <marc:subfield code="c">2022</marc:subfield>
      </marc:datafield>
      <marc:datafield tag="300" ind1=" " ind2=" ">
         <marc:subfield code="a">1 online resource (209 pages)</marc:subfield>
      </marc:datafield>
      <marc:datafield tag="336" ind1=" " ind2=" ">
         <marc:subfield code="a">text</marc:subfield>
         <marc:subfield code="b">txt</marc:subfield>
         <marc:subfield code="2">rdacontent</marc:subfield>
      </marc:datafield>
      <marc:datafield tag="337" ind1=" " ind2=" ">
         <marc:subfield code="a">computer</marc:subfield>
         <marc:subfield code="b">c</marc:subfield>
         <marc:subfield code="2">rdamedia</marc:subfield>
      </marc:datafield>
      <marc:datafield tag="338" ind1=" " ind2=" ">
         <marc:subfield code="a">online resource</marc:subfield>
         <marc:subfield code="b">cr</marc:subfield>
         <marc:subfield code="2">rdacarrier</marc:subfield>
      </marc:datafield>
      <marc:datafield tag="347" ind1=" " ind2=" ">
         <marc:subfield code="a">text file</marc:subfield>
         <marc:subfield code="2">rdaft</marc:subfield>
      </marc:datafield>
      <marc:datafield tag="347" ind1=" " ind2=" ">
         <marc:subfield code="b">PDF</marc:subfield>
      </marc:datafield>
      <marc:datafield tag="538" ind1=" " ind2=" ">
         <marc:subfield code="a">System requirements: Adobe Reader or other PDF viewer.</marc:subfield>
      </marc:datafield>
      <marc:datafield tag="588" ind1=" " ind2=" ">
         <marc:subfield code="a">Description based on online resource; title from PDF title page.</marc:subfield>
      </marc:datafield>
      <marc:datafield tag="500" ind1=" " ind2=" ">
         <marc:subfield code="a">Extent pagination is PDF page count.</marc:subfield>
      </marc:datafield>
      <marc:datafield tag="500" ind1=" " ind2=" ">
         <marc:subfield code="a">Advisory committee: Lifeng Lin, Professor Directing Dissertation; Lisa Lyons, University Representative; Andres Felipe Barrientos, Committee Member; Debajyoti Sinha, Committee Member.</marc:subfield>
      </marc:datafield>
      <marc:datafield tag="500" ind1=" " ind2=" ">
         <marc:subfield code="a">A Dissertation submitted to the Department of Statistics in partial fulfillment of the requirements for the degree of Doctor of Philosophy.</marc:subfield>
      </marc:datafield>
      <marc:datafield tag="500" ind1=" " ind2=" ">
         <marc:subfield code="a">Date of Defense: January 20, 2022.</marc:subfield>
      </marc:datafield>
      <marc:datafield tag="500" ind1=" " ind2=" ">
         <marc:subfield code="a">Keywords: Bayesian analysis, Heterogeneity, Meta-analysis, Network meta-analysis, Prediction, Treatment ranking.</marc:subfield>
      </marc:datafield>
      <marc:datafield tag="502" ind1=" " ind2=" ">
         <marc:subfield code="b">Ph.D.</marc:subfield>
         <marc:subfield code="c">Florida State University</marc:subfield>
         <marc:subfield code="d">2022.</marc:subfield>
      </marc:datafield>
      <marc:datafield tag="520" ind1="3" ind2=" ">
         <marc:subfield code="a">Meta-analysis is a valuable tool to synthesize evidence and pool results from multiple sources. It plays an integral role in evidence-based medicine and may have a direct impact in the clinical setting. This dissertation explores several topics related to research synthesis methods and their application to evidence-based medicine. Chapter 2 methodologically assesses the current systematic reviews and meta-analyses on COVID-19. COVID-19 has caused an ongoing public health crisis. Many systematic reviews and meta-analyses have been performed to synthesize evidence for better understanding this new disease. However, some concerns have been raised about rapid COVID-19 research. The current systematic reviews and meta-analyses on COVID-19 might suffer from low transparency, high heterogeneity, and suboptimal statistical methods. In chapter 3, we investigate the performance of several methods commonly used for meta-analyses of diagnostic studies, including the summary ROC (SROC) approach, bivariate linear mixed model (LMM), and generalized linear mixed model (GLMM). The variation of estimates calls into question the appropriateness of the normality assumption required by the SROC method and LMM. In cases of notable differences presented in these methods’ results, the GLMM is preferred.Network meta-analysis (NMA), an extension of pairwise meta-analysis, is a statistical method often used to draw conclusions about multiple treatment comparisons. It simultaneously synthesizes both direct and indirect evidence, where the direct evidence comes from head-to-head trials, and the indirect evidence comes from indirect comparisons with common comparators. The prior choice of between-study heterogeneity is critical in Bayesian NMAs. Chapter 4 assesses recent NMAs published in high-impact medical journals to evaluate how conclusions differ based on the application of various prior distributions. We re-analyze the NMAs using 3 commonly-used non-informative priors and empirical informative log-normal priors. The informative priors produce substantially more precise estimates than non-informative priors, especially for NMAs with few studies. The surface under the cumulative ranking curve (SUCRA) and the P-score are increasingly used to quantify treatment ranking under the Bayesian and frequentist NMA frameworks, respectively. They provide summary scores of treatments among the existing studies in an NMA. Clinicians are frequently interested in applying such evidence from the NMA to future decision-making. The heterogeneity between existing studies in the NMA and the future study needs to be considered in this prediction process. Chapter 5 extends the frequentist treatment ranking measure, P-score, to the Bayesian framework and the future study setting, focusing on NMAs with binary outcomes. Two empirical examples are used to illustrate the proposed measure. Chapter 6 considers an extension of the approach presented in chapter 5 beyond binary data. Using an extensive database of NMAs identified in a recent survey, we re-perform all eligible NMAs and calculate the differences between treatment ranking measures and those between predictive treatment ranking measures. We investigate the empirical distribution of these differences and assessed the changes of treatment ranking measures when making predictions. The predictive P-score can help inform medical decision-making in future studies. Clinicians may use these findings to interpret the magnitudes of differences between treatment ranking measures and quantitively assess treatment rankings in future NMAs.</marc:subfield>
      </marc:datafield>
      <marc:datafield tag="504" ind1=" " ind2=" ">
         <marc:subfield code="a">Includes bibliographical references.</marc:subfield>
      </marc:datafield>
      <marc:datafield tag="650" ind1=" " ind2="0">
         <marc:subfield code="a">Biometry</marc:subfield>
      </marc:datafield>
      <marc:datafield tag="655" ind1=" " ind2="7">
         <marc:subfield code="a">Electronic Thesis or Dissertation.</marc:subfield>
         <marc:subfield code="2">dct</marc:subfield>
      </marc:datafield>
      <marc:datafield tag="690" ind1=" " ind2="7">
         <marc:subfield code="a">FSU Dissertations.</marc:subfield>
         <marc:subfield code="2">local</marc:subfield>
         <marc:subfield code="9">LOCAL</marc:subfield>
      </marc:datafield>
      <marc:datafield tag="710" ind1="2" ind2=" ">
         <marc:subfield code="a">Florida State University.</marc:subfield>
         <marc:subfield code="e">degree granting institution.</marc:subfield>
         <marc:subfield code="0">http://id.loc.gov/authorities/names/n80126238</marc:subfield>
      </marc:datafield>
      <marc:datafield tag="856" ind1="4" ind2="0">
         <marc:subfield code="3">DigiNole</marc:subfield>
         <marc:subfield code="u">https://purl.lib.fsu.edu/diginole/2022_Rosenberger_fsu_0071E_16937</marc:subfield>
         <marc:subfield code="y">Connect to online content:</marc:subfield>
      </marc:datafield>
      <marc:datafield tag="796" ind1="1" ind2=" ">
         <marc:subfield code="a">Lin, Lifeng,</marc:subfield>
         <marc:subfield code="e">professor directing dissertation</marc:subfield>
         <marc:subfield code="9">LOCAL</marc:subfield>
      </marc:datafield>
      <marc:datafield tag="796" ind1="1" ind2=" ">
         <marc:subfield code="a">Lyons, Lisa C.,</marc:subfield>
         <marc:subfield code="e">university representative</marc:subfield>
         <marc:subfield code="9">LOCAL</marc:subfield>
      </marc:datafield>
      <marc:datafield tag="796" ind1="1" ind2=" ">
         <marc:subfield code="a">Barrientos, Andrés Felipe,</marc:subfield>
         <marc:subfield code="e">committee member</marc:subfield>
         <marc:subfield code="9">LOCAL</marc:subfield>
      </marc:datafield>
      <marc:datafield tag="796" ind1="1" ind2=" ">
         <marc:subfield code="a">Sinha, Debajyoti,</marc:subfield>
         <marc:subfield code="e">committee member</marc:subfield>
         <marc:subfield code="9">LOCAL</marc:subfield>
      </marc:datafield>
      <marc:datafield tag="797" ind1="2" ind2=" ">
         <marc:subfield code="a">Florida State University.</marc:subfield>
         <marc:subfield code="b">Department of Statistics.</marc:subfield>
         <marc:subfield code="9">LOCAL</marc:subfield>
      </marc:datafield>
      <marc:datafield tag="904" ind1=" " ind2=" ">
         <marc:subfield code="a">0</marc:subfield>
         <marc:subfield code="9">LOCAL</marc:subfield>
      </marc:datafield>
   </marc:record>