
   <marc:record>
      <marc:leader>     nam  22      i 4500</marc:leader>
      <marc:controlfield tag="006">m     o  d        </marc:controlfield>
      <marc:controlfield tag="007">cr |||||||||||</marc:controlfield>
      <marc:controlfield tag="008">      s2022    flu     obm   000 0 eng d</marc:controlfield>
      <marc:datafield tag="040" ind1=" " ind2=" ">
         <marc:subfield code="a">FDA</marc:subfield>
         <marc:subfield code="b">eng</marc:subfield>
         <marc:subfield code="e">rda</marc:subfield>
         <marc:subfield code="c">FDA</marc:subfield>
      </marc:datafield>
      <marc:datafield tag="050" ind1=" " ind2="4">
         <marc:subfield code="a">G</marc:subfield>
      </marc:datafield>
      <marc:datafield tag="100" ind1="1" ind2=" ">
         <marc:subfield code="a">Ruff, Elizabeth,</marc:subfield>
         <marc:subfield code="e">author</marc:subfield>
      </marc:datafield>
      <marc:datafield tag="245" ind1="1" ind2="0">
         <marc:subfield code="a">Culturing the Future of Seafood :</marc:subfield>
         <marc:subfield code="b">Spatial and Theoretical Considerations for Marine Aquaculture Development /</marc:subfield>
         <marc:subfield code="c">by Elizabeth Ruff</marc:subfield>
      </marc:datafield>
      <marc:datafield tag="264" ind1=" " ind2="1">
         <marc:subfield code="a">Tallahassee, Florida :</marc:subfield>
         <marc:subfield code="b">Florida State University,</marc:subfield>
         <marc:subfield code="c">2022</marc:subfield>
      </marc:datafield>
      <marc:datafield tag="300" ind1=" " ind2=" ">
         <marc:subfield code="a">1 online resource (142 pages)</marc:subfield>
      </marc:datafield>
      <marc:datafield tag="336" ind1=" " ind2=" ">
         <marc:subfield code="a">text</marc:subfield>
         <marc:subfield code="b">txt</marc:subfield>
         <marc:subfield code="2">rdacontent</marc:subfield>
      </marc:datafield>
      <marc:datafield tag="337" ind1=" " ind2=" ">
         <marc:subfield code="a">computer</marc:subfield>
         <marc:subfield code="b">c</marc:subfield>
         <marc:subfield code="2">rdamedia</marc:subfield>
      </marc:datafield>
      <marc:datafield tag="338" ind1=" " ind2=" ">
         <marc:subfield code="a">online resource</marc:subfield>
         <marc:subfield code="b">cr</marc:subfield>
         <marc:subfield code="2">rdacarrier</marc:subfield>
      </marc:datafield>
      <marc:datafield tag="347" ind1=" " ind2=" ">
         <marc:subfield code="a">text file</marc:subfield>
         <marc:subfield code="2">rdaft</marc:subfield>
      </marc:datafield>
      <marc:datafield tag="347" ind1=" " ind2=" ">
         <marc:subfield code="b">PDF</marc:subfield>
      </marc:datafield>
      <marc:datafield tag="538" ind1=" " ind2=" ">
         <marc:subfield code="a">System requirements: Adobe Reader or other PDF viewer.</marc:subfield>
      </marc:datafield>
      <marc:datafield tag="588" ind1=" " ind2=" ">
         <marc:subfield code="a">Description based on online resource; title from PDF title page.</marc:subfield>
      </marc:datafield>
      <marc:datafield tag="500" ind1=" " ind2=" ">
         <marc:subfield code="a">Extent pagination is PDF page count.</marc:subfield>
      </marc:datafield>
      <marc:datafield tag="500" ind1=" " ind2=" ">
         <marc:subfield code="a">Advisory committee: Sarah Lester, Professor Directing Dissertation; William Butler, University Representative; Tyler McCreary, Committee Member; Christopher Uejio, Committee Member.</marc:subfield>
      </marc:datafield>
      <marc:datafield tag="500" ind1=" " ind2=" ">
         <marc:subfield code="a">A Dissertation submitted to the Department of Geography in partial fulfillment of the requirements for the degree of Doctor of Philosophy.</marc:subfield>
      </marc:datafield>
      <marc:datafield tag="500" ind1=" " ind2=" ">
         <marc:subfield code="a">Date of Defense: March 30, 2022.</marc:subfield>
      </marc:datafield>
      <marc:datafield tag="502" ind1=" " ind2=" ">
         <marc:subfield code="b">Ph.D.</marc:subfield>
         <marc:subfield code="c">Florida State University</marc:subfield>
         <marc:subfield code="d">2022.</marc:subfield>
      </marc:datafield>
      <marc:datafield tag="520" ind1="3" ind2=" ">
         <marc:subfield code="a">Marine aquaculture, the farming of aquatic species in ocean environments, has substantial potential to contribute to the global supply of seafood. However, despite the global growth of marine aquaculture (mariculture) in recent years, there is substantial heterogeneity in where and to what extent the industry is developing. Additionally, biophysical growing conditions alone do not explain a large proportion of the variation in production, indicating that the geographic patterns of industry expansion are likely driven by other (e.g., economic, political, social) factors. As such, this dissertation examines the role of these non-biophysical factors in the development of the mariculture industry through a regional case study and a global analysis. The regional case study evaluates the influence of governance mechanisms on mariculture production in the Caribbean, which has high production potential based on biophysical parameters but has only realized a fraction of its estimated potential. For this chapter, I developed a Mariculture Governance Index (MGI) to assess existing mariculture governance frameworks within each of 30 Caribbean countries. When compared to current production volumes, I found a significant association with the level of mariculture governance for a given country. Specifically, the few countries with production tended to have higher MGI scores. However, case studies of the few countries that produce mariculture but have low MGI scores found that training programs, professional organizations, and financing institutions could provide the necessary support for industry development in the absence of the governance components included in the Index. In addition to insights about mariculture development in the Caribbean, this chapter contributes an extensive literature review of governance in relation to mariculture generally and a systematic index that can be used to assess governance infrastructure in other regions. In the global analysis, I expand on the Caribbean findings to quantitatively assess the extent to which governance, socioeconomic, and biophysical factors explain country-level patterns of mariculture production. Using multivariate statistics and global datasets, I assess the impact of 11 predictor variables on 1) whether a country has any mariculture production (yes or no) and 2) what volume of mariculture production a country has. The results of my analysis indicate that countries with large wild fisheries industries and high levels of development are most likely to have some level of mariculture production. Further, both of these factors as well as the existence of a freshwater aquaculture industry are associated with higher volumes of mariculture production. This chapter is the first multivariate, interdisciplinary assessment of factors influencing mariculture production and provides a foundation for a new research agenda that will improve our understanding of where and why the mariculture industry develops. The findings from the regional and global analyses indicate that governance and socioeconomic dynamics are highly influential but poorly understood drivers of the expanding mariculture industry. Geographers are well-positioned to explore and provide insight on these dynamics but have been relatively absent from the mariculture scholarship, particularly in comparison to other disciplines. To account for geographic participation in the mariculture literature, I conduct a review of the top 50 geography journals (as ranked by Clarivate Analytics), identifying 45 publications from 1990-2020 that focus on farming seafood in ocean spaces. In my review of this literature, I identify existing foundations for a maricultural geography in the arenas of political economy, political ecology, and science and technology studies and trace the evolution of these discourses over time. Lastly, I outline three pathways for further disciplinary engagement through the lenses of food and feminist geographies as well as social studies of science. Taken together, these chapters spatially and theoretically engage with mariculture and situate the industry within geography’s broader agro-food discourses. Further, this work contributes to a nascent body of literature seeking to understand the role of mariculture in our global food system. Here, I have started to untangle the network of socionatural assemblages that shape the development of the mariculture industry by looking at development at different scales and employing both qualitative and quantitative techniques.</marc:subfield>
      </marc:datafield>
      <marc:datafield tag="504" ind1=" " ind2=" ">
         <marc:subfield code="a">Includes bibliographical references.</marc:subfield>
      </marc:datafield>
      <marc:datafield tag="506" ind1=" " ind2=" ">
         <marc:subfield code="a">This thesis/dissertation may be embargoed for a limited time. Click access link to check availability.</marc:subfield>
      </marc:datafield>
      <marc:datafield tag="650" ind1=" " ind2="0">
         <marc:subfield code="a">Geography</marc:subfield>
      </marc:datafield>
      <marc:datafield tag="655" ind1=" " ind2="7">
         <marc:subfield code="a">Electronic Thesis or Dissertation.</marc:subfield>
         <marc:subfield code="2">dct</marc:subfield>
      </marc:datafield>
      <marc:datafield tag="690" ind1=" " ind2="7">
         <marc:subfield code="a">FSU Dissertations.</marc:subfield>
         <marc:subfield code="2">local</marc:subfield>
         <marc:subfield code="9">LOCAL</marc:subfield>
      </marc:datafield>
      <marc:datafield tag="710" ind1="2" ind2=" ">
         <marc:subfield code="a">Florida State University.</marc:subfield>
         <marc:subfield code="e">degree granting institution.</marc:subfield>
         <marc:subfield code="0">http://id.loc.gov/authorities/names/n80126238</marc:subfield>
      </marc:datafield>
      <marc:datafield tag="856" ind1="4" ind2="0">
         <marc:subfield code="3">DigiNole</marc:subfield>
         <marc:subfield code="u">https://purl.lib.fsu.edu/diginole/2022_Ruff_fsu_0071E_17113</marc:subfield>
         <marc:subfield code="y">Connect to online content:</marc:subfield>
      </marc:datafield>
      <marc:datafield tag="796" ind1="1" ind2=" ">
         <marc:subfield code="a">Lester, Sarah,</marc:subfield>
         <marc:subfield code="e">professor directing dissertation</marc:subfield>
         <marc:subfield code="9">LOCAL</marc:subfield>
      </marc:datafield>
      <marc:datafield tag="796" ind1="1" ind2=" ">
         <marc:subfield code="a">Butler, William Hale,</marc:subfield>
         <marc:subfield code="e">university representative</marc:subfield>
         <marc:subfield code="9">LOCAL</marc:subfield>
      </marc:datafield>
      <marc:datafield tag="796" ind1="1" ind2=" ">
         <marc:subfield code="a">McCreary, Tyler,</marc:subfield>
         <marc:subfield code="e">committee member</marc:subfield>
         <marc:subfield code="9">LOCAL</marc:subfield>
      </marc:datafield>
      <marc:datafield tag="796" ind1="1" ind2=" ">
         <marc:subfield code="a">Uejio, Christopher K.,</marc:subfield>
         <marc:subfield code="e">committee member</marc:subfield>
         <marc:subfield code="9">LOCAL</marc:subfield>
      </marc:datafield>
      <marc:datafield tag="797" ind1="2" ind2=" ">
         <marc:subfield code="a">Florida State University.</marc:subfield>
         <marc:subfield code="b">Department of Geography.</marc:subfield>
         <marc:subfield code="9">LOCAL</marc:subfield>
      </marc:datafield>
      <marc:datafield tag="904" ind1=" " ind2=" ">
         <marc:subfield code="a">4</marc:subfield>
         <marc:subfield code="9">LOCAL</marc:subfield>
      </marc:datafield>
   </marc:record>