
   <marc:record>
      <marc:leader>     nam  22      i 4500</marc:leader>
      <marc:controlfield tag="006">m     o  d        </marc:controlfield>
      <marc:controlfield tag="007">cr |||||||||||</marc:controlfield>
      <marc:controlfield tag="008">      s2022    flu     obm   000 0 eng d</marc:controlfield>
      <marc:datafield tag="040" ind1=" " ind2=" ">
         <marc:subfield code="a">FDA</marc:subfield>
         <marc:subfield code="b">eng</marc:subfield>
         <marc:subfield code="e">rda</marc:subfield>
         <marc:subfield code="c">FDA</marc:subfield>
      </marc:datafield>
      <marc:datafield tag="050" ind1=" " ind2="4">
         <marc:subfield code="a">BF712</marc:subfield>
      </marc:datafield>
      <marc:datafield tag="100" ind1="1" ind2=" ">
         <marc:subfield code="a">Shafer, Jessie</marc:subfield>
         <marc:subfield code="q">(Jessie K.),</marc:subfield>
         <marc:subfield code="e">author</marc:subfield>
      </marc:datafield>
      <marc:datafield tag="245" ind1="1" ind2="0">
         <marc:subfield code="a">Youth Peer Processes as Mediators of the Relation between Youth Anxious Solitude and Young Adult Problematic Media Use /</marc:subfield>
         <marc:subfield code="c">by Jessie K. Shafer</marc:subfield>
      </marc:datafield>
      <marc:datafield tag="264" ind1=" " ind2="1">
         <marc:subfield code="a">Tallahassee, Florida :</marc:subfield>
         <marc:subfield code="b">Florida State University,</marc:subfield>
         <marc:subfield code="c">2022</marc:subfield>
      </marc:datafield>
      <marc:datafield tag="300" ind1=" " ind2=" ">
         <marc:subfield code="a">1 online resource (108 pages)</marc:subfield>
      </marc:datafield>
      <marc:datafield tag="336" ind1=" " ind2=" ">
         <marc:subfield code="a">text</marc:subfield>
         <marc:subfield code="b">txt</marc:subfield>
         <marc:subfield code="2">rdacontent</marc:subfield>
      </marc:datafield>
      <marc:datafield tag="337" ind1=" " ind2=" ">
         <marc:subfield code="a">computer</marc:subfield>
         <marc:subfield code="b">c</marc:subfield>
         <marc:subfield code="2">rdamedia</marc:subfield>
      </marc:datafield>
      <marc:datafield tag="338" ind1=" " ind2=" ">
         <marc:subfield code="a">online resource</marc:subfield>
         <marc:subfield code="b">cr</marc:subfield>
         <marc:subfield code="2">rdacarrier</marc:subfield>
      </marc:datafield>
      <marc:datafield tag="347" ind1=" " ind2=" ">
         <marc:subfield code="a">text file</marc:subfield>
         <marc:subfield code="2">rdaft</marc:subfield>
      </marc:datafield>
      <marc:datafield tag="347" ind1=" " ind2=" ">
         <marc:subfield code="b">PDF</marc:subfield>
      </marc:datafield>
      <marc:datafield tag="538" ind1=" " ind2=" ">
         <marc:subfield code="a">System requirements: Adobe Reader or other PDF viewer.</marc:subfield>
      </marc:datafield>
      <marc:datafield tag="588" ind1=" " ind2=" ">
         <marc:subfield code="a">Description based on online resource; title from PDF title page.</marc:subfield>
      </marc:datafield>
      <marc:datafield tag="500" ind1=" " ind2=" ">
         <marc:subfield code="a">Extent pagination is PDF page count.</marc:subfield>
      </marc:datafield>
      <marc:datafield tag="500" ind1=" " ind2=" ">
         <marc:subfield code="a">Advisory committee: Heidi Gazelle, Professor Directing Dissertation; Ulla Bunz, University Representative; Ming Cui, Committee Member; Frank Fincham, Committee Member.</marc:subfield>
      </marc:datafield>
      <marc:datafield tag="500" ind1=" " ind2=" ">
         <marc:subfield code="a">A Dissertation submitted to the Department of Human Development and Family Science in partial fulfillment of the requirements for the degree of Doctor of Philosophy.</marc:subfield>
      </marc:datafield>
      <marc:datafield tag="500" ind1=" " ind2=" ">
         <marc:subfield code="a">Date of Defense: March 23, 2022.</marc:subfield>
      </marc:datafield>
      <marc:datafield tag="500" ind1=" " ind2=" ">
         <marc:subfield code="a">Keywords: Anxious Solitude, Developmental Trajectories, Media, Peer Exclusion, Technology.</marc:subfield>
      </marc:datafield>
      <marc:datafield tag="502" ind1=" " ind2=" ">
         <marc:subfield code="b">Ph.D.</marc:subfield>
         <marc:subfield code="c">Florida State University</marc:subfield>
         <marc:subfield code="d">2022.</marc:subfield>
      </marc:datafield>
      <marc:datafield tag="520" ind1="3" ind2=" ">
         <marc:subfield code="a">Over the past few decades, media and technology use have become increasingly significant components of everyday life. Given media’s ubiquitous usage across the lifespan, it is important to understand what puts individuals at risk for engaging in problematic media use. Thus, the current study aimed to explore youth affective-behavioral vulnerability and peer processes as predictors of excessive and problematic media use in young adulthood. Specifically, anxious solitude and peer exclusion trajectory classes in elementary school (3rd to 5th grade) were explored as predictors of young adult media behaviors. Further, membership in anxious solitude and peer exclusion trajectory classes in middle school (6th to 7th grade) were tested as explanatory processes (mediators) in the link between elementary school trajectory class membership and young adult media use. For the trajectory class analysis, participants were 688 youths who had taken part in the Multiple Trajectories in Anxious Solitary Youth study (female n = 354; 51.5%). Latent class growth analysis (LCGA) was used to identify trajectories of peer-reported peer exclusion in childhood (trajectories of peer-reported anxious solitude with this data have been identified in the extant literature; Gazelle &amp; Faldowski, 2019). Separate analyses were conducted for elementary and middle school to allow for different trajectory patterns to emerge after the middle school transition. Three peer exclusion trajectory classes were identified in elementary school (low-stable, moderate-stable, and high-increasing) and two in middle school (low-stable and high-increasing) with latent class growth analyses (LCGA). In Gazelle and Faldowski’s (2019) study, two anxious solitude trajectory classes were identified in elementary school (moderate-decreasing and high-increasing) and three in middle school (low-stable, low-increasing, and high-decreasing). For the main analysis, participants were 118 young adults (female n = 76; 64%; M age at survey completion = 22.8 years, SD = 0.84) who had been prospectively assessed from 3rd to 7th grade in the Multiple Trajectories in Anxious Solitary Youth study. Structural equation modeling (SEM) was used to investigate the influence of anxious solitude and peer exclusion trajectory class membership (in elementary school) on excessive and problematic media use in young adulthood. Further, middle school trajectory classes (both anxious solitude and peer exclusion) were tested as mediators of this link. In partial support of the direct effect hypotheses, membership in the elementary school high-increasing anxious solitude trajectory class and high-increasing peer exclusion trajectory class predicted more hours per day spent playing video games in young adulthood. Additionally, elementary school moderate-stable peer exclusion trajectory class membership predicted more time spent using social media and the internet for entertainment in young adulthood. Finally, although the mediation hypothesis was not supported, mediation analyses revealed that middle school low-increasing anxious solitude trajectory class membership fully mediated the link between elementary school high-increasing anxious solitude trajectory class membership and more time playing video games in young adulthood. Further, middle school high-increasing peer exclusion trajectory class membership partially mediated the link between elementary school high-increasing peer exclusion trajectory class and less time using social media in young adulthood. This study suggests that young adults with a history of anxious solitude or peer exclusion in elementary school may be especially vulnerable to excessive media use as young adults. Further, this study highlights how continuity and different developmental pathways of anxious solitude and peer exclusion may explain why some anxious solitary and excluded youths spend more (or less) time using media than their anxious solitary and excluded counterparts. Limitations, future research directions, and implications of the study are discussed.</marc:subfield>
      </marc:datafield>
      <marc:datafield tag="504" ind1=" " ind2=" ">
         <marc:subfield code="a">Includes bibliographical references.</marc:subfield>
      </marc:datafield>
      <marc:datafield tag="650" ind1=" " ind2="0">
         <marc:subfield code="a">Developmental psychology</marc:subfield>
      </marc:datafield>
      <marc:datafield tag="655" ind1=" " ind2="7">
         <marc:subfield code="a">Electronic Thesis or Dissertation.</marc:subfield>
         <marc:subfield code="2">dct</marc:subfield>
      </marc:datafield>
      <marc:datafield tag="690" ind1=" " ind2="7">
         <marc:subfield code="a">FSU Dissertations.</marc:subfield>
         <marc:subfield code="2">local</marc:subfield>
         <marc:subfield code="9">LOCAL</marc:subfield>
      </marc:datafield>
      <marc:datafield tag="710" ind1="2" ind2=" ">
         <marc:subfield code="a">Florida State University.</marc:subfield>
         <marc:subfield code="e">degree granting institution.</marc:subfield>
         <marc:subfield code="0">http://id.loc.gov/authorities/names/n80126238</marc:subfield>
      </marc:datafield>
      <marc:datafield tag="856" ind1="4" ind2="0">
         <marc:subfield code="3">DigiNole</marc:subfield>
         <marc:subfield code="u">https://purl.lib.fsu.edu/diginole/2022_Shafer_fsu_0071E_17019</marc:subfield>
         <marc:subfield code="y">Connect to online content:</marc:subfield>
      </marc:datafield>
      <marc:datafield tag="796" ind1="1" ind2=" ">
         <marc:subfield code="a">Bunz, Ulla,</marc:subfield>
         <marc:subfield code="e">university representative</marc:subfield>
         <marc:subfield code="9">LOCAL</marc:subfield>
      </marc:datafield>
      <marc:datafield tag="796" ind1="1" ind2=" ">
         <marc:subfield code="a">Cui, Ming,</marc:subfield>
         <marc:subfield code="d">1971-</marc:subfield>
         <marc:subfield code="e">committee member</marc:subfield>
         <marc:subfield code="9">LOCAL</marc:subfield>
      </marc:datafield>
      <marc:datafield tag="796" ind1="1" ind2=" ">
         <marc:subfield code="a">Fincham, Frank D.,</marc:subfield>
         <marc:subfield code="e">committee member</marc:subfield>
         <marc:subfield code="9">LOCAL</marc:subfield>
      </marc:datafield>
      <marc:datafield tag="797" ind1="2" ind2=" ">
         <marc:subfield code="a">Florida State University.</marc:subfield>
         <marc:subfield code="b">Department of Human Development and Family Science.</marc:subfield>
         <marc:subfield code="9">LOCAL</marc:subfield>
      </marc:datafield>
      <marc:datafield tag="904" ind1=" " ind2=" ">
         <marc:subfield code="a">0</marc:subfield>
         <marc:subfield code="9">LOCAL</marc:subfield>
      </marc:datafield>
   </marc:record>