
   <marc:record>
      <marc:leader>     nam  22      i 4500</marc:leader>
      <marc:controlfield tag="006">m     o  d        </marc:controlfield>
      <marc:controlfield tag="007">cr |||||||||||</marc:controlfield>
      <marc:controlfield tag="008">      s2022    flu     obm   000 0 eng d</marc:controlfield>
      <marc:datafield tag="040" ind1=" " ind2=" ">
         <marc:subfield code="a">FDA</marc:subfield>
         <marc:subfield code="b">eng</marc:subfield>
         <marc:subfield code="e">rda</marc:subfield>
         <marc:subfield code="c">FDA</marc:subfield>
      </marc:datafield>
      <marc:datafield tag="050" ind1=" " ind2="4">
         <marc:subfield code="a">QC</marc:subfield>
      </marc:datafield>
      <marc:datafield tag="100" ind1="1" ind2=" ">
         <marc:subfield code="a">Thomas, Jeremy Nathan,</marc:subfield>
         <marc:subfield code="e">author</marc:subfield>
      </marc:datafield>
      <marc:datafield tag="245" ind1="1" ind2="0">
         <marc:subfield code="a">Novel Techniques for High Sensitivity NMR Spectroscopy /</marc:subfield>
         <marc:subfield code="c">by Jeremy Nathan Thomas</marc:subfield>
      </marc:datafield>
      <marc:datafield tag="264" ind1=" " ind2="1">
         <marc:subfield code="a">Tallahassee, Florida :</marc:subfield>
         <marc:subfield code="b">Florida State University,</marc:subfield>
         <marc:subfield code="c">2022</marc:subfield>
      </marc:datafield>
      <marc:datafield tag="300" ind1=" " ind2=" ">
         <marc:subfield code="a">1 online resource (142 pages)</marc:subfield>
      </marc:datafield>
      <marc:datafield tag="336" ind1=" " ind2=" ">
         <marc:subfield code="a">text</marc:subfield>
         <marc:subfield code="b">txt</marc:subfield>
         <marc:subfield code="2">rdacontent</marc:subfield>
      </marc:datafield>
      <marc:datafield tag="337" ind1=" " ind2=" ">
         <marc:subfield code="a">computer</marc:subfield>
         <marc:subfield code="b">c</marc:subfield>
         <marc:subfield code="2">rdamedia</marc:subfield>
      </marc:datafield>
      <marc:datafield tag="338" ind1=" " ind2=" ">
         <marc:subfield code="a">online resource</marc:subfield>
         <marc:subfield code="b">cr</marc:subfield>
         <marc:subfield code="2">rdacarrier</marc:subfield>
      </marc:datafield>
      <marc:datafield tag="347" ind1=" " ind2=" ">
         <marc:subfield code="a">text file</marc:subfield>
         <marc:subfield code="2">rdaft</marc:subfield>
      </marc:datafield>
      <marc:datafield tag="347" ind1=" " ind2=" ">
         <marc:subfield code="b">PDF</marc:subfield>
      </marc:datafield>
      <marc:datafield tag="538" ind1=" " ind2=" ">
         <marc:subfield code="a">System requirements: Adobe Reader or other PDF viewer.</marc:subfield>
      </marc:datafield>
      <marc:datafield tag="588" ind1=" " ind2=" ">
         <marc:subfield code="a">Description based on online resource; title from PDF title page.</marc:subfield>
      </marc:datafield>
      <marc:datafield tag="500" ind1=" " ind2=" ">
         <marc:subfield code="a">Extent pagination is PDF page count.</marc:subfield>
      </marc:datafield>
      <marc:datafield tag="500" ind1=" " ind2=" ">
         <marc:subfield code="a">Advisory committee: William W. Brey, Professor Co-Directing Dissertation; Stephen Hill, Professor Co-Directing Dissertation; Robert Schurko, University Representative; Irinel Chiorescu, Committee Member; Laura Reina, Committee Member.</marc:subfield>
      </marc:datafield>
      <marc:datafield tag="500" ind1=" " ind2=" ">
         <marc:subfield code="a">A Dissertation submitted to the Department of Physics in partial fulfillment of the requirements for the degree of Doctor of Philosophy.</marc:subfield>
      </marc:datafield>
      <marc:datafield tag="500" ind1=" " ind2=" ">
         <marc:subfield code="a">Date of Defense: April 4, 2022.</marc:subfield>
      </marc:datafield>
      <marc:datafield tag="500" ind1=" " ind2=" ">
         <marc:subfield code="a">Keywords: High-Temperature Superconductors, Nuclear Magnetic Resonance, Radiofrequency Coils, Spectroscopy, Superconducting Devices.</marc:subfield>
      </marc:datafield>
      <marc:datafield tag="502" ind1=" " ind2=" ">
         <marc:subfield code="b">Ph.D.</marc:subfield>
         <marc:subfield code="c">Florida State University</marc:subfield>
         <marc:subfield code="d">2022.</marc:subfield>
      </marc:datafield>
      <marc:datafield tag="520" ind1="3" ind2=" ">
         <marc:subfield code="a">An important objective in radiofrequency (RF) coil design for nuclear magnetic resonance (NMR) spectroscopy is improving sensitivity. The low RF losses of thin-film high temperature superconducting (HTS) coils make them well suited to provide superior sensitivity in a variety of NMR experiments when compared to conventional coils. However, HTS resonators have yet to be widely implemented in commercial NMR probes and are only utilized when high-performance is required. In this dissertation, an examination of some of the technological barriers associated with the use of HTS materials for RF coils is presented, with a focus on providing a detailed look at these difficulties through the lens of an HTS probe build-out process. Thus, this work is centered around the development of a 1.5 mm multi-resonant all-HTS NMR probe optimized for 13C detection, which utilizes a recently introduced 13C resonator design engineered to significantly increase 13C detection sensitivity over previous state-of-the-art HTS probe designs. The probe is designed for operation at 14.1 T, has a sample volume of 35 microliters, and utilizes HTS resonators for 13C and 1H transmission and detection and the 2H lock.HTS NMR probes typically require multiple resonators to be located within a small volume near the sample. Coupling between the resonators shifts the resonances which affects both resonator design and post-production trimming. To increase the efficiency of the build-out process of HTS probes, a coupling model describing the interactions between the coils of the 1.5 mm HTS NMR probe was developed and tested. By measuring the magnetic coupling coefficients between individual coils, the general coupling matrix for six coupled resonators was solved to produce accurate predictions of the system frequencies. Results confirm that the assumption of purely magnetic coupling is sufficiently accurate to predict the required resonance adjustments for a set of HTS coils in a single pass. Pulsed spectroscopy of many nuclides requires strong excitation fields. However, the fields that thin-film HTS resonators can produce are limited in comparison to normal-metal coils. The presented assessment of the new 13C HTS resonators shows a rapid increase in RF dissipation with increased power. A developed power testing procedure predicts that the coils are able to handle sufficient current to produce an effective 90° pulse without film degradation. The performance results from preliminary RF and NMR testing of the 1.5 mm HTS NMR probe within a 14.1 T magnet are presented. To effectively implement the improved quality factor (Q-factor) of the new 13C resonators, the effect of adding a shorted transmission line stub to increase the bandwidth and reduce the rise/fall time of 13C irradiation pulses is demonstrated. The improved 13C coils facilitate a 330% increase in Q-factor and 33% increase in 13C sensitivity over a previous probe of similar design. The increase in 13C NMR sensitivity is made while simultaneously preserving a wide irradiation pulse bandwidth and avoiding distorted pulse shapes. The probe will be used for applications in metabolomics and natural products research. The last section of this dissertation explores future directions for HTS coil design and use, with a focus on accommodating the large currents required of NMR transmit coils. A racetrack resonator with particularly adjusted finger lengths is predicted to improve current uniformity across the resonator. Importantly, the viability of using receive-only HTS coils for small sample NMR probes is investigated. It is shown that when sufficient isolation via field orthogonality is achieved with precise angular rotation of the normal-metal transmit coil, the HTS pair has the potential to provide improved sensitivity despite an increase in loss produced by the transmit coil.</marc:subfield>
      </marc:datafield>
      <marc:datafield tag="504" ind1=" " ind2=" ">
         <marc:subfield code="a">Includes bibliographical references.</marc:subfield>
      </marc:datafield>
      <marc:datafield tag="650" ind1=" " ind2="0">
         <marc:subfield code="a">Physics</marc:subfield>
      </marc:datafield>
      <marc:datafield tag="650" ind1=" " ind2="0">
         <marc:subfield code="a">Biomedical engineering</marc:subfield>
      </marc:datafield>
      <marc:datafield tag="655" ind1=" " ind2="7">
         <marc:subfield code="a">Electronic Thesis or Dissertation.</marc:subfield>
         <marc:subfield code="2">dct</marc:subfield>
      </marc:datafield>
      <marc:datafield tag="690" ind1=" " ind2="7">
         <marc:subfield code="a">FSU Dissertations.</marc:subfield>
         <marc:subfield code="2">local</marc:subfield>
         <marc:subfield code="9">LOCAL</marc:subfield>
      </marc:datafield>
      <marc:datafield tag="710" ind1="2" ind2=" ">
         <marc:subfield code="a">Florida State University.</marc:subfield>
         <marc:subfield code="e">degree granting institution.</marc:subfield>
         <marc:subfield code="0">http://id.loc.gov/authorities/names/n80126238</marc:subfield>
      </marc:datafield>
      <marc:datafield tag="856" ind1="4" ind2="0">
         <marc:subfield code="3">DigiNole</marc:subfield>
         <marc:subfield code="u">https://purl.lib.fsu.edu/diginole/2022_Thomas_fsu_0071E_17071</marc:subfield>
         <marc:subfield code="y">Connect to online content:</marc:subfield>
      </marc:datafield>
      <marc:datafield tag="796" ind1="1" ind2=" ">
         <marc:subfield code="a">Brey, William W.,</marc:subfield>
         <marc:subfield code="e">professor co-directing dissertation</marc:subfield>
         <marc:subfield code="9">LOCAL</marc:subfield>
      </marc:datafield>
      <marc:datafield tag="796" ind1="1" ind2=" ">
         <marc:subfield code="a">Hill, S.</marc:subfield>
         <marc:subfield code="q">(Stephen Olof),</marc:subfield>
         <marc:subfield code="e">professor co-directing dissertation</marc:subfield>
         <marc:subfield code="9">LOCAL</marc:subfield>
      </marc:datafield>
      <marc:datafield tag="796" ind1="1" ind2=" ">
         <marc:subfield code="a">Schurko, Robert W.,</marc:subfield>
         <marc:subfield code="e">university representative</marc:subfield>
         <marc:subfield code="9">LOCAL</marc:subfield>
      </marc:datafield>
      <marc:datafield tag="796" ind1="1" ind2=" ">
         <marc:subfield code="a">Chiorescu, Irinel,</marc:subfield>
         <marc:subfield code="e">committee member</marc:subfield>
         <marc:subfield code="9">LOCAL</marc:subfield>
      </marc:datafield>
      <marc:datafield tag="796" ind1="1" ind2=" ">
         <marc:subfield code="a">Reina, Laura,</marc:subfield>
         <marc:subfield code="e">committee member</marc:subfield>
         <marc:subfield code="9">LOCAL</marc:subfield>
      </marc:datafield>
      <marc:datafield tag="797" ind1="2" ind2=" ">
         <marc:subfield code="a">Florida State University.</marc:subfield>
         <marc:subfield code="b">Department of Physics.</marc:subfield>
         <marc:subfield code="9">LOCAL</marc:subfield>
      </marc:datafield>
      <marc:datafield tag="904" ind1=" " ind2=" ">
         <marc:subfield code="a">0</marc:subfield>
         <marc:subfield code="9">LOCAL</marc:subfield>
      </marc:datafield>
   </marc:record>