
   <marc:record>
      <marc:leader>     nam  22      i 4500</marc:leader>
      <marc:controlfield tag="006">m     o  d        </marc:controlfield>
      <marc:controlfield tag="007">cr |||||||||||</marc:controlfield>
      <marc:controlfield tag="008">      s2022    flu     obm   000 0 eng d</marc:controlfield>
      <marc:datafield tag="040" ind1=" " ind2=" ">
         <marc:subfield code="a">FDA</marc:subfield>
         <marc:subfield code="b">eng</marc:subfield>
         <marc:subfield code="e">rda</marc:subfield>
         <marc:subfield code="c">FDA</marc:subfield>
      </marc:datafield>
      <marc:datafield tag="050" ind1=" " ind2="4">
         <marc:subfield code="a">LB2326.3</marc:subfield>
      </marc:datafield>
      <marc:datafield tag="100" ind1="1" ind2=" ">
         <marc:subfield code="a">Thomasee, David,</marc:subfield>
         <marc:subfield code="e">author</marc:subfield>
      </marc:datafield>
      <marc:datafield tag="245" ind1="1" ind2="4">
         <marc:subfield code="a">The Clery Act :</marc:subfield>
         <marc:subfield code="b">Challenges for 2-Year Postsecondary Institutions in Florida /</marc:subfield>
         <marc:subfield code="c">by David Thomasee</marc:subfield>
      </marc:datafield>
      <marc:datafield tag="264" ind1=" " ind2="1">
         <marc:subfield code="a">Tallahassee, Florida :</marc:subfield>
         <marc:subfield code="b">Florida State University,</marc:subfield>
         <marc:subfield code="c">2022</marc:subfield>
      </marc:datafield>
      <marc:datafield tag="300" ind1=" " ind2=" ">
         <marc:subfield code="a">1 online resource (105 pages)</marc:subfield>
      </marc:datafield>
      <marc:datafield tag="336" ind1=" " ind2=" ">
         <marc:subfield code="a">text</marc:subfield>
         <marc:subfield code="b">txt</marc:subfield>
         <marc:subfield code="2">rdacontent</marc:subfield>
      </marc:datafield>
      <marc:datafield tag="337" ind1=" " ind2=" ">
         <marc:subfield code="a">computer</marc:subfield>
         <marc:subfield code="b">c</marc:subfield>
         <marc:subfield code="2">rdamedia</marc:subfield>
      </marc:datafield>
      <marc:datafield tag="338" ind1=" " ind2=" ">
         <marc:subfield code="a">online resource</marc:subfield>
         <marc:subfield code="b">cr</marc:subfield>
         <marc:subfield code="2">rdacarrier</marc:subfield>
      </marc:datafield>
      <marc:datafield tag="347" ind1=" " ind2=" ">
         <marc:subfield code="a">text file</marc:subfield>
         <marc:subfield code="2">rdaft</marc:subfield>
      </marc:datafield>
      <marc:datafield tag="347" ind1=" " ind2=" ">
         <marc:subfield code="b">PDF</marc:subfield>
      </marc:datafield>
      <marc:datafield tag="538" ind1=" " ind2=" ">
         <marc:subfield code="a">System requirements: Adobe Reader or other PDF viewer.</marc:subfield>
      </marc:datafield>
      <marc:datafield tag="588" ind1=" " ind2=" ">
         <marc:subfield code="a">Description based on online resource; title from PDF title page.</marc:subfield>
      </marc:datafield>
      <marc:datafield tag="500" ind1=" " ind2=" ">
         <marc:subfield code="a">Extent pagination is PDF page count.</marc:subfield>
      </marc:datafield>
      <marc:datafield tag="500" ind1=" " ind2=" ">
         <marc:subfield code="a">Advisory committee: Carolyn Herrington, Professor Directing Dissertation; Kelly Whalon, University Representative; Christine Mokher, Committee Member; Lara Perez-Felkner, Committee Member.</marc:subfield>
      </marc:datafield>
      <marc:datafield tag="500" ind1=" " ind2=" ">
         <marc:subfield code="a">A Dissertation submitted to the Department of Educational Leadership and Policy Studies in partial fulfillment of the requirements for the degree of Doctor of Education.</marc:subfield>
      </marc:datafield>
      <marc:datafield tag="500" ind1=" " ind2=" ">
         <marc:subfield code="a">Date of Defense: March 4, 2022.</marc:subfield>
      </marc:datafield>
      <marc:datafield tag="500" ind1=" " ind2=" ">
         <marc:subfield code="a">Keywords: campus safety, Clery, community college, compliance officer, Florida College System.</marc:subfield>
      </marc:datafield>
      <marc:datafield tag="502" ind1=" " ind2=" ">
         <marc:subfield code="b">Ed.D.</marc:subfield>
         <marc:subfield code="c">Florida State University</marc:subfield>
         <marc:subfield code="d">2022.</marc:subfield>
      </marc:datafield>
      <marc:datafield tag="520" ind1="3" ind2=" ">
         <marc:subfield code="a">For colleges and universities, the Jeanne Clery Disclosure of Campus Security Policy and Campus Crime Statistics Act (Clery Act) presents a significant set of challenges in pursuit of campus safety. The namesake of this law followed the tragic death of Jeanne Clery, a Lehigh University Student, who was sexually assaulted and murdered in her on-campus dormitory in 1986. Within the Clery Act, and under the umbrella of Title IX, exists a series of responsibilities and compliance regulations applicable to all institutions of higher education (IHEs) that receive federal financial aid. While there are significant benefits within Clery, its application to all IHEs comes with a great number of challenges exacerbated by tremendous penalties for noncompliance. Many of the challenges of Clery compliance have been heavily studied in the university system, though little research exists when it comes to community colleges. The purpose of this study was to explore both the challenges and the benefits of Clery compliance for Florida’s 2-year postsecondary institutions. There are 28 IHEs that make up the Florida College System and while many community colleges share a great number of attributes, they also each have unique characteristics which impact their Clery compliance efforts. This qualitative research used an exploratory case study methodology and was bounded in the Florida College System’s (FCS) 28 colleges that make up its membership. To select a sample, first, the institutions were grouped into size categories based on student enrollment and categorized as small, medium, or large. From there, a purposeful criterion-based sample of 9 institutions was selected using a combination of random and network sampling. Included in this sample of 9 institutions were 3 residential campuses (1 from each size category) to encompass the additional requirements those institutions have under the Clery Act. Once the sample of institutions was selected, interviews were scheduled with the primary Clery Compliance Officer (CCO). They were asked a series of characteristic-based questions followed by the primary research questions in an open-ended format. Follow-up questions utilizing a convergent-question strategy were then used to fully explore the participants’ responses as a means of ensuring rich data was collected for each research question. From there, a cyclical and inclusive approach to data analysis was conducted following each round of interviews. Line-by-line coding was used to identify the primary codes before additional rounds of analysis were used to identify themes. Research Question 1 focused on the challenges CCOs faced in pursuit of Clery compliance. Form the data collected a total of 46 responses were coded for this question. From the 46 responses, 9 themes were identified with the top 3 representing a lack of training (n = 11), lack of clarity (n = 10), and lack of dedicated Clery Compliance Officer/Staff (n = 7). Research Question 2 focused on what CCOs do to remain compliant. From the data collected here a total of 29 responses were coded for this question. From the 29 responses, 6 themes were identified with the top 2 representing Training of Staff (n = 9) and Creating a Clery Team (n = 5). Though lack of training was cited as the number one challenge, it is evident that CCOs are attempting to compensate for this by developing their own training regimen and the same was found for lack of dedicated Clery staff. Research Question 3 took a different approach and sought to answer what CCOs viewed as the most beneficial aspect of Clery compliance. From the data collected in reference to this question, 28 responses were coded into 6 themes. The top three themes identified here were Transparency (n = 12), followed by an even number of responses for both Identification of Issues (improved safety) and No Increased Benefit to Campus Safety (n = 5). The third most repeated theme was Increased Communication (n = 3) which included both internal and external channels. The data collected as part of this research provided a different perspective as to what challenges CCOs faced, how they met those challenges, and the benefits of Clery compliance in their institutions. While none of the CCOs interviewed suggested that Clery be rescinded, the challenges they experience are both real and difficult, but not insurmountable. CCOs acknowledge the benefits of Clery and subscribe to its intended goal, but they cannot easily overcome the challenges inherent in its compliance requirements. They are not (in general) asking for more, they simply want better resources—more accessible training, better clarity, and available staff, to maintain compliance and safe campuses.</marc:subfield>
      </marc:datafield>
      <marc:datafield tag="504" ind1=" " ind2=" ">
         <marc:subfield code="a">Includes bibliographical references.</marc:subfield>
      </marc:datafield>
      <marc:datafield tag="650" ind1=" " ind2="0">
         <marc:subfield code="a">Education, Higher</marc:subfield>
      </marc:datafield>
      <marc:datafield tag="655" ind1=" " ind2="7">
         <marc:subfield code="a">Electronic Thesis or Dissertation.</marc:subfield>
         <marc:subfield code="2">dct</marc:subfield>
      </marc:datafield>
      <marc:datafield tag="690" ind1=" " ind2="7">
         <marc:subfield code="a">FSU Dissertations.</marc:subfield>
         <marc:subfield code="2">local</marc:subfield>
         <marc:subfield code="9">LOCAL</marc:subfield>
      </marc:datafield>
      <marc:datafield tag="710" ind1="2" ind2=" ">
         <marc:subfield code="a">Florida State University.</marc:subfield>
         <marc:subfield code="e">degree granting institution.</marc:subfield>
         <marc:subfield code="0">http://id.loc.gov/authorities/names/n80126238</marc:subfield>
      </marc:datafield>
      <marc:datafield tag="856" ind1="4" ind2="0">
         <marc:subfield code="3">DigiNole</marc:subfield>
         <marc:subfield code="u">https://purl.lib.fsu.edu/diginole/2022_Thomasee_fsu_0071E_16971</marc:subfield>
         <marc:subfield code="y">Connect to online content:</marc:subfield>
      </marc:datafield>
      <marc:datafield tag="796" ind1="1" ind2=" ">
         <marc:subfield code="a">Herrington, Carolyn D.,</marc:subfield>
         <marc:subfield code="e">professor directing dissertation</marc:subfield>
         <marc:subfield code="9">LOCAL</marc:subfield>
      </marc:datafield>
      <marc:datafield tag="796" ind1="1" ind2=" ">
         <marc:subfield code="a">Whalon, Kelly J.,</marc:subfield>
         <marc:subfield code="e">university representative</marc:subfield>
         <marc:subfield code="9">LOCAL</marc:subfield>
      </marc:datafield>
      <marc:datafield tag="796" ind1="1" ind2=" ">
         <marc:subfield code="a">Mokher, Christine G.,</marc:subfield>
         <marc:subfield code="e">committee member</marc:subfield>
         <marc:subfield code="9">LOCAL</marc:subfield>
      </marc:datafield>
      <marc:datafield tag="796" ind1="1" ind2=" ">
         <marc:subfield code="a">Perez-Felkner, Lara,</marc:subfield>
         <marc:subfield code="e">committee member</marc:subfield>
         <marc:subfield code="9">LOCAL</marc:subfield>
      </marc:datafield>
      <marc:datafield tag="797" ind1="2" ind2=" ">
         <marc:subfield code="a">Florida State University.</marc:subfield>
         <marc:subfield code="b">Department of Educational Leadership and Policy Studies.</marc:subfield>
         <marc:subfield code="9">LOCAL</marc:subfield>
      </marc:datafield>
      <marc:datafield tag="904" ind1=" " ind2=" ">
         <marc:subfield code="a">0</marc:subfield>
         <marc:subfield code="9">LOCAL</marc:subfield>
      </marc:datafield>
   </marc:record>