
   <marc:record>
      <marc:leader>     nam  22      i 4500</marc:leader>
      <marc:controlfield tag="006">m     o  d        </marc:controlfield>
      <marc:controlfield tag="007">cr |||||||||||</marc:controlfield>
      <marc:controlfield tag="008">      s2022    flu     obm   000 0 eng d</marc:controlfield>
      <marc:datafield tag="040" ind1=" " ind2=" ">
         <marc:subfield code="a">FDA</marc:subfield>
         <marc:subfield code="b">eng</marc:subfield>
         <marc:subfield code="e">rda</marc:subfield>
         <marc:subfield code="c">FDA</marc:subfield>
      </marc:datafield>
      <marc:datafield tag="050" ind1=" " ind2="4">
         <marc:subfield code="a">LB2822.75</marc:subfield>
      </marc:datafield>
      <marc:datafield tag="100" ind1="1" ind2=" ">
         <marc:subfield code="a">West, Suzanne,</marc:subfield>
         <marc:subfield code="e">author</marc:subfield>
      </marc:datafield>
      <marc:datafield tag="245" ind1="1" ind2="0">
         <marc:subfield code="a">Strengthening Child Care Training Curriculum and Credentialing :</marc:subfield>
         <marc:subfield code="b">A Case Study of the Child Care Apprenticeship Program of Pinellas /</marc:subfield>
         <marc:subfield code="c">by Suzanne West</marc:subfield>
      </marc:datafield>
      <marc:datafield tag="264" ind1=" " ind2="1">
         <marc:subfield code="a">Tallahassee, Florida :</marc:subfield>
         <marc:subfield code="b">Florida State University,</marc:subfield>
         <marc:subfield code="c">2022</marc:subfield>
      </marc:datafield>
      <marc:datafield tag="300" ind1=" " ind2=" ">
         <marc:subfield code="a">1 online resource (79 pages)</marc:subfield>
      </marc:datafield>
      <marc:datafield tag="336" ind1=" " ind2=" ">
         <marc:subfield code="a">text</marc:subfield>
         <marc:subfield code="b">txt</marc:subfield>
         <marc:subfield code="2">rdacontent</marc:subfield>
      </marc:datafield>
      <marc:datafield tag="337" ind1=" " ind2=" ">
         <marc:subfield code="a">computer</marc:subfield>
         <marc:subfield code="b">c</marc:subfield>
         <marc:subfield code="2">rdamedia</marc:subfield>
      </marc:datafield>
      <marc:datafield tag="338" ind1=" " ind2=" ">
         <marc:subfield code="a">online resource</marc:subfield>
         <marc:subfield code="b">cr</marc:subfield>
         <marc:subfield code="2">rdacarrier</marc:subfield>
      </marc:datafield>
      <marc:datafield tag="347" ind1=" " ind2=" ">
         <marc:subfield code="a">text file</marc:subfield>
         <marc:subfield code="2">rdaft</marc:subfield>
      </marc:datafield>
      <marc:datafield tag="347" ind1=" " ind2=" ">
         <marc:subfield code="b">PDF</marc:subfield>
      </marc:datafield>
      <marc:datafield tag="538" ind1=" " ind2=" ">
         <marc:subfield code="a">System requirements: Adobe Reader or other PDF viewer.</marc:subfield>
      </marc:datafield>
      <marc:datafield tag="588" ind1=" " ind2=" ">
         <marc:subfield code="a">Description based on online resource; title from PDF title page.</marc:subfield>
      </marc:datafield>
      <marc:datafield tag="500" ind1=" " ind2=" ">
         <marc:subfield code="a">Extent pagination is PDF page count.</marc:subfield>
      </marc:datafield>
      <marc:datafield tag="500" ind1=" " ind2=" ">
         <marc:subfield code="a">Advisory committee: Bradley Cox, Professor Directing Dissertation; Kelly J. Whalon, University Representative; Tamara C. Bertrand Jones, Committee Member; Lara Perez-Felkner, Committee Member.</marc:subfield>
      </marc:datafield>
      <marc:datafield tag="500" ind1=" " ind2=" ">
         <marc:subfield code="a">A Dissertation submitted to the Department of Educational Leadership and Policy Studies in partial fulfillment of the requirements for the degree of Doctor of Education.</marc:subfield>
      </marc:datafield>
      <marc:datafield tag="500" ind1=" " ind2=" ">
         <marc:subfield code="a">Date of Defense: March 30, 2022.</marc:subfield>
      </marc:datafield>
      <marc:datafield tag="500" ind1=" " ind2=" ">
         <marc:subfield code="a">Keywords: Apprenticeship, Child Care, Early Childhood, Training.</marc:subfield>
      </marc:datafield>
      <marc:datafield tag="502" ind1=" " ind2=" ">
         <marc:subfield code="b">Ed.D.</marc:subfield>
         <marc:subfield code="c">Florida State University</marc:subfield>
         <marc:subfield code="d">2022.</marc:subfield>
      </marc:datafield>
      <marc:datafield tag="520" ind1="3" ind2=" ">
         <marc:subfield code="a">The Child Care Apprenticeship Program of Pinellas (CCAP) was created by an advisory committee made up of local childcare facility directors, in 1989, in response to the need for better training in the community. CCAP is a two-year program that emphasizes 4000 hours of on-the-job-training and 288 hours of classroom instruction credentialing working preschool teachers. The program is designed for apprentices to complete only 2000 on-the-job training hours and 144 hours of classroom instruction when they pass an assessment during the orientation of the program. Upon completion of the program, apprentices receive the Florida Staff Credential for children ages birth to five years old and are eligible to teach voluntary prekindergarten (VPK) classes as part of the kindergarten readiness initiative through the Office of Early Learning (2019). This program is held online and face-to-face at two campuses in Pinellas County located in Clearwater and St. Petersburg, Florida. Overall, there are about 100 apprentices enrolled in the program between the two campuses. Currently, CCAP is in the implementation stage of providing a higher level and highly sought out credential, the National Child Development Associate (CDA). The program is also in review of the curriculum to update the framework standards by the Summer of 2022, as required by the Florida Department of Education Registered Apprenticeship office. The purpose of this case study is to strengthen child care training and credentialing needs in Pinellas County through a case study of the Child Care Apprenticeship Program (CCAP) at Pinellas Technical College. CCAP has not updated its framework standards since 2007. In the fall of 2020, after an audit of the program by a representative from the Florida Department of Education Registered Apprenticeship Office, the coordinators were asked to formally update the program framework. Enhancing the CCAP curriculum will strengthen the early childhood education workforce in Pinellas County when the program is able to provide high-quality training for the enrolled apprentices by updating the program standards. This evaluative case study explores the following two research questions: 1. What are the perceptions of the current CCAP curriculum? 2. What are the perceptions regarding the National CDA versus the Florida Staff Credential? Semi-structured interviews were conducted on eleven participants to include all six of the CCAP staff members, as well as five of the six advisory committee members. These interviews gathered their perceptions of the program curriculum and credentials. Transcripts and program documents were analyzed through two cycles using NVivo software and an inductive approach to create themes to identify recommendations for program improvement based on the perceptions of the participants in the study. There were two dominant themes interpreted from the analysis of initial codes and phrases that were determined through a word frequency count. However, these themes translated into differing meanings within the perceptions of the participants. As such, four sub-themes were developed to further clarify the data. The analysis from the data found that there is a perception that the child care industry is constantly evolving, and therefore an opportunity exists to review the current curriculum and make appropriate changes. Specifically, the data showed that the participants felt there were opportunities to fill the gaps in the curriculum related to three of the five current course components to include classroom management, leadership, and guidance. Additionally, an analysis of the data also revealed that there are opportunities outside of changes to the curriculum standards that can better support the apprentices, such as delivery method and preparation into the program. In conclusion, there are very few studies on apprenticeship models in the early childhood education field. The opportunity for free high quality professional development and credentialing for the field is a positive attribute for Pinellas County. Thus, the need for ensuring that CCAP has a strong and robust curriculum, that meets the needs of the local community child care workforce in Pinellas County, is crucial for maintaining the integrity of the program and attracting more apprentices in the field. This case study provides an opportunity for CCAP to potentially strengthen the current early education workforce in Pinellas County and in-turn provide additional high-quality preschool options for the local community by updating its curriculum framework to best serve the industry needs. As such, further research, to include the perceptions of the past and current apprentices, would be beneficial to better determine which types of supports would be best suited the program needs, as well as specific content updates to the curriculum.</marc:subfield>
      </marc:datafield>
      <marc:datafield tag="504" ind1=" " ind2=" ">
         <marc:subfield code="a">Includes bibliographical references.</marc:subfield>
      </marc:datafield>
      <marc:datafield tag="650" ind1=" " ind2="0">
         <marc:subfield code="a">Educational evaluation</marc:subfield>
      </marc:datafield>
      <marc:datafield tag="650" ind1=" " ind2="0">
         <marc:subfield code="a">Early childhood education</marc:subfield>
      </marc:datafield>
      <marc:datafield tag="655" ind1=" " ind2="7">
         <marc:subfield code="a">Electronic Thesis or Dissertation.</marc:subfield>
         <marc:subfield code="2">dct</marc:subfield>
      </marc:datafield>
      <marc:datafield tag="690" ind1=" " ind2="7">
         <marc:subfield code="a">FSU Dissertations.</marc:subfield>
         <marc:subfield code="2">local</marc:subfield>
         <marc:subfield code="9">LOCAL</marc:subfield>
      </marc:datafield>
      <marc:datafield tag="710" ind1="2" ind2=" ">
         <marc:subfield code="a">Florida State University.</marc:subfield>
         <marc:subfield code="e">degree granting institution.</marc:subfield>
         <marc:subfield code="0">http://id.loc.gov/authorities/names/n80126238</marc:subfield>
      </marc:datafield>
      <marc:datafield tag="856" ind1="4" ind2="0">
         <marc:subfield code="3">DigiNole</marc:subfield>
         <marc:subfield code="u">https://purl.lib.fsu.edu/diginole/2022_West_fsu_0071E_17141</marc:subfield>
         <marc:subfield code="y">Connect to online content:</marc:subfield>
      </marc:datafield>
      <marc:datafield tag="796" ind1="1" ind2=" ">
         <marc:subfield code="a">Cox, Bradley E.,</marc:subfield>
         <marc:subfield code="e">professor directing dissertation</marc:subfield>
         <marc:subfield code="9">LOCAL</marc:subfield>
      </marc:datafield>
      <marc:datafield tag="796" ind1="1" ind2=" ">
         <marc:subfield code="a">Whalon, Kelly J.,</marc:subfield>
         <marc:subfield code="e">university representative</marc:subfield>
         <marc:subfield code="9">LOCAL</marc:subfield>
      </marc:datafield>
      <marc:datafield tag="796" ind1="1" ind2=" ">
         <marc:subfield code="a">Jones, Tamara Bertrand,</marc:subfield>
         <marc:subfield code="e">committee member</marc:subfield>
         <marc:subfield code="9">LOCAL</marc:subfield>
      </marc:datafield>
      <marc:datafield tag="796" ind1="1" ind2=" ">
         <marc:subfield code="a">Perez-Felkner, Lara,</marc:subfield>
         <marc:subfield code="e">committee member</marc:subfield>
         <marc:subfield code="9">LOCAL</marc:subfield>
      </marc:datafield>
      <marc:datafield tag="797" ind1="2" ind2=" ">
         <marc:subfield code="a">Florida State University.</marc:subfield>
         <marc:subfield code="b">Department of Educational Leadership and Policy Studies.</marc:subfield>
         <marc:subfield code="9">LOCAL</marc:subfield>
      </marc:datafield>
      <marc:datafield tag="904" ind1=" " ind2=" ">
         <marc:subfield code="a">0</marc:subfield>
         <marc:subfield code="9">LOCAL</marc:subfield>
      </marc:datafield>
   </marc:record>