
   <marc:record>
      <marc:leader>     nam  22      i 4500</marc:leader>
      <marc:controlfield tag="006">m     o  d        </marc:controlfield>
      <marc:controlfield tag="007">cr |||||||||||</marc:controlfield>
      <marc:controlfield tag="008">      s2022    flu     obm   000 0 eng d</marc:controlfield>
      <marc:datafield tag="040" ind1=" " ind2=" ">
         <marc:subfield code="a">FDA</marc:subfield>
         <marc:subfield code="b">eng</marc:subfield>
         <marc:subfield code="e">rda</marc:subfield>
         <marc:subfield code="c">FDA</marc:subfield>
      </marc:datafield>
      <marc:datafield tag="050" ind1=" " ind2="4">
         <marc:subfield code="a">LB1051</marc:subfield>
      </marc:datafield>
      <marc:datafield tag="100" ind1="1" ind2=" ">
         <marc:subfield code="a">Wilhelmy, Taylor</marc:subfield>
         <marc:subfield code="q">(Taylor A.),</marc:subfield>
         <marc:subfield code="e">author</marc:subfield>
      </marc:datafield>
      <marc:datafield tag="245" ind1="1" ind2="2">
         <marc:subfield code="a">A Group of Individuals or a Singular Team? :</marc:subfield>
         <marc:subfield code="b">Examining the Moderation Effect of Team Type on the Relationships between Previous Season Success, Team Tenure and Group Size and Cohesion over Time /</marc:subfield>
         <marc:subfield code="c">by Taylor A. Wilhelmy</marc:subfield>
      </marc:datafield>
      <marc:datafield tag="264" ind1=" " ind2="1">
         <marc:subfield code="a">Tallahassee, Florida :</marc:subfield>
         <marc:subfield code="b">Florida State University,</marc:subfield>
         <marc:subfield code="c">2022</marc:subfield>
      </marc:datafield>
      <marc:datafield tag="300" ind1=" " ind2=" ">
         <marc:subfield code="a">1 online resource (82 pages)</marc:subfield>
      </marc:datafield>
      <marc:datafield tag="336" ind1=" " ind2=" ">
         <marc:subfield code="a">text</marc:subfield>
         <marc:subfield code="b">txt</marc:subfield>
         <marc:subfield code="2">rdacontent</marc:subfield>
      </marc:datafield>
      <marc:datafield tag="337" ind1=" " ind2=" ">
         <marc:subfield code="a">computer</marc:subfield>
         <marc:subfield code="b">c</marc:subfield>
         <marc:subfield code="2">rdamedia</marc:subfield>
      </marc:datafield>
      <marc:datafield tag="338" ind1=" " ind2=" ">
         <marc:subfield code="a">online resource</marc:subfield>
         <marc:subfield code="b">cr</marc:subfield>
         <marc:subfield code="2">rdacarrier</marc:subfield>
      </marc:datafield>
      <marc:datafield tag="347" ind1=" " ind2=" ">
         <marc:subfield code="a">text file</marc:subfield>
         <marc:subfield code="2">rdaft</marc:subfield>
      </marc:datafield>
      <marc:datafield tag="347" ind1=" " ind2=" ">
         <marc:subfield code="b">PDF</marc:subfield>
      </marc:datafield>
      <marc:datafield tag="538" ind1=" " ind2=" ">
         <marc:subfield code="a">System requirements: Adobe Reader or other PDF viewer.</marc:subfield>
      </marc:datafield>
      <marc:datafield tag="588" ind1=" " ind2=" ">
         <marc:subfield code="a">Description based on online resource; title from PDF title page.</marc:subfield>
      </marc:datafield>
      <marc:datafield tag="500" ind1=" " ind2=" ">
         <marc:subfield code="a">Extent pagination is PDF page count.</marc:subfield>
      </marc:datafield>
      <marc:datafield tag="500" ind1=" " ind2=" ">
         <marc:subfield code="a">Advisory committee: Svenja A. Wolf, Professor Directing Thesis; David W. Eccles, Committee Member; Alysia D. Roehrig, Committee Member.</marc:subfield>
      </marc:datafield>
      <marc:datafield tag="500" ind1=" " ind2=" ">
         <marc:subfield code="a">A Thesis submitted to the Department of Educational Psychology and Learning Systems in partial fulfillment of the requirements for the degree of Master of Science.</marc:subfield>
      </marc:datafield>
      <marc:datafield tag="500" ind1=" " ind2=" ">
         <marc:subfield code="a">Date of Defense: April 5, 2022.</marc:subfield>
      </marc:datafield>
      <marc:datafield tag="500" ind1=" " ind2=" ">
         <marc:subfield code="a">Keywords: cohesion, group size, NCAA, previous success, team type, tenure.</marc:subfield>
      </marc:datafield>
      <marc:datafield tag="502" ind1=" " ind2=" ">
         <marc:subfield code="b">M.S.</marc:subfield>
         <marc:subfield code="c">Florida State University</marc:subfield>
         <marc:subfield code="d">2022.</marc:subfield>
      </marc:datafield>
      <marc:datafield tag="520" ind1="3" ind2=" ">
         <marc:subfield code="a">A multitude of research has already been conducted on the concept of cohesion in sport with the majority of research looking at the relationship between cohesion and performance. It has been found that the correlation between cohesion and performance is moderately strong and positive; however, little research has been conducted on potential antecedents and moderators that influence the development of cohesion. Three potential environmental inputs that have been scarcely found in the sport literature include previous success, tenure and group size. Usually analyzed at the same time as other variables of interest, research on success and cohesion in sport has found that for winning teams, cohesion remained consistent throughout the sport season while those on losing teams saw a decrease in cohesion over this same time period. Concentrated in the business domain, increased tenure has been shown to provide greater overall team stability and greater social cohesion. Research on group size has found that increases in the number of individuals on a sport team decreases cohesion while small to medium sized exercise classes provide enough social opportunities but larger classes see these opportunities decrease. When used as a moderator, the type of team has been found to not moderate the cohesion-performance relationship. With limited knowledge on antecedents of cohesion along with the potential moderation effect of team type and the changes in cohesion over time, the purpose of this study is to examine the relationships between previous season success, team tenure and group size and cohesion, see if team type moderates these relationships and explore how cohesion changes over time. It is hypothesized that the relationship between group size and cohesion will be negative while the relationships between previous success and cohesion along with tenure and cohesion will be positive. Additionally, the relationships between the three environmental variables of interest and cohesion will be stronger for those on coactive teams compared to interactive teams. A total of 118 current NCAA student-athletes partook in this study of which 57 were from coactive teams and 61 were from interactive teams. Participants completed an online Qualtrics composed of three sections: demographics, environmental inputs and the Group Environment Questionnaire (GEQ) to assess cohesion. At the end of this questionnaire, participants were asked if they were willing to partake in an additional questionnaire, containing only the GEQ, to contribute to the exploration of cohesion over time. Of the 118 total participants, 86 agreed to partake in the second questionnaire four weeks later with 37 responses recorded. Multiple regression analyses, the PROCESS macro and a paired samples t-test were conducted to see if there are any relationships between the environmental inputs and cohesion, if team type moderates these relationships and to explore changes in cohesion over four weeks respectively. Analyses found that previous success was a positive predictor for both Group Integration subscales of cohesion. Additionally, team type was found to moderate the relationship between tenure and both ATG cohesion subscales with tenure being found to be a significant predictor for the task cohesion subscales (ATG-T and GI-T) and team type being an additional predictor of ATG-T. While no significant relationships were found between tenure and ATG-S for both coactive and interactive teams along with the relationship between tenure and ATG-T for interactive teams, there was a significant negative relationship found between tenure and ATG-T for coactive teams. It was also found that cohesion did not significantly differ between the initial questionnaire and the second questionnaire administered four weeks later. Keywords: cohesion; NCAA; previous success; tenure; group size; moderation; team type; longitudinal; coactive; interactive</marc:subfield>
      </marc:datafield>
      <marc:datafield tag="504" ind1=" " ind2=" ">
         <marc:subfield code="a">Includes bibliographical references.</marc:subfield>
      </marc:datafield>
      <marc:datafield tag="650" ind1=" " ind2="0">
         <marc:subfield code="a">Educational psychology</marc:subfield>
      </marc:datafield>
      <marc:datafield tag="655" ind1=" " ind2="7">
         <marc:subfield code="a">Electronic Thesis or Dissertation.</marc:subfield>
         <marc:subfield code="2">dct</marc:subfield>
      </marc:datafield>
      <marc:datafield tag="690" ind1=" " ind2="7">
         <marc:subfield code="a">FSU Dissertations.</marc:subfield>
         <marc:subfield code="2">local</marc:subfield>
         <marc:subfield code="9">LOCAL</marc:subfield>
      </marc:datafield>
      <marc:datafield tag="710" ind1="2" ind2=" ">
         <marc:subfield code="a">Florida State University.</marc:subfield>
         <marc:subfield code="e">degree granting institution.</marc:subfield>
         <marc:subfield code="0">http://id.loc.gov/authorities/names/n80126238</marc:subfield>
      </marc:datafield>
      <marc:datafield tag="856" ind1="4" ind2="0">
         <marc:subfield code="3">DigiNole</marc:subfield>
         <marc:subfield code="u">https://purl.lib.fsu.edu/diginole/2022_Wilhelmy_fsu_0071N_17213</marc:subfield>
         <marc:subfield code="y">Connect to online content:</marc:subfield>
      </marc:datafield>
      <marc:datafield tag="796" ind1="1" ind2=" ">
         <marc:subfield code="a">Wolf, Svenja Anna,</marc:subfield>
         <marc:subfield code="e">professor directing thesis</marc:subfield>
         <marc:subfield code="9">LOCAL</marc:subfield>
      </marc:datafield>
      <marc:datafield tag="796" ind1="1" ind2=" ">
         <marc:subfield code="a">Eccles, David W.,</marc:subfield>
         <marc:subfield code="e">committee member</marc:subfield>
         <marc:subfield code="9">LOCAL</marc:subfield>
      </marc:datafield>
      <marc:datafield tag="796" ind1="1" ind2=" ">
         <marc:subfield code="a">Roehrig, Alysia D.,</marc:subfield>
         <marc:subfield code="d">1975-</marc:subfield>
         <marc:subfield code="e">committee member</marc:subfield>
         <marc:subfield code="9">LOCAL</marc:subfield>
      </marc:datafield>
      <marc:datafield tag="797" ind1="2" ind2=" ">
         <marc:subfield code="a">Florida State University.</marc:subfield>
         <marc:subfield code="b">Department of Educational Psychology and Learning Systems.</marc:subfield>
         <marc:subfield code="9">LOCAL</marc:subfield>
      </marc:datafield>
      <marc:datafield tag="904" ind1=" " ind2=" ">
         <marc:subfield code="a">0</marc:subfield>
         <marc:subfield code="9">LOCAL</marc:subfield>
      </marc:datafield>
   </marc:record>