
   <marc:record>
      <marc:leader>     nam  22      i 4500</marc:leader>
      <marc:controlfield tag="006">m     o  d        </marc:controlfield>
      <marc:controlfield tag="007">cr |||||||||||</marc:controlfield>
      <marc:controlfield tag="008">      s2022    flu     obm   000 0 eng d</marc:controlfield>
      <marc:datafield tag="040" ind1=" " ind2=" ">
         <marc:subfield code="a">FDA</marc:subfield>
         <marc:subfield code="b">eng</marc:subfield>
         <marc:subfield code="e">rda</marc:subfield>
         <marc:subfield code="c">FDA</marc:subfield>
      </marc:datafield>
      <marc:datafield tag="050" ind1=" " ind2="4">
         <marc:subfield code="a">QC</marc:subfield>
      </marc:datafield>
      <marc:datafield tag="100" ind1="1" ind2=" ">
         <marc:subfield code="a">Zheng, Wenkai,</marc:subfield>
         <marc:subfield code="e">author</marc:subfield>
      </marc:datafield>
      <marc:datafield tag="245" ind1="1" ind2="2">
         <marc:subfield code="a">A Transport and Optical Study on Topological Semimetals and 2D Materials /</marc:subfield>
         <marc:subfield code="c">by Wenkai Zheng</marc:subfield>
      </marc:datafield>
      <marc:datafield tag="264" ind1=" " ind2="1">
         <marc:subfield code="a">Tallahassee, Florida :</marc:subfield>
         <marc:subfield code="b">Florida State University,</marc:subfield>
         <marc:subfield code="c">2022</marc:subfield>
      </marc:datafield>
      <marc:datafield tag="300" ind1=" " ind2=" ">
         <marc:subfield code="a">1 online resource (134 pages)</marc:subfield>
      </marc:datafield>
      <marc:datafield tag="336" ind1=" " ind2=" ">
         <marc:subfield code="a">text</marc:subfield>
         <marc:subfield code="b">txt</marc:subfield>
         <marc:subfield code="2">rdacontent</marc:subfield>
      </marc:datafield>
      <marc:datafield tag="337" ind1=" " ind2=" ">
         <marc:subfield code="a">computer</marc:subfield>
         <marc:subfield code="b">c</marc:subfield>
         <marc:subfield code="2">rdamedia</marc:subfield>
      </marc:datafield>
      <marc:datafield tag="338" ind1=" " ind2=" ">
         <marc:subfield code="a">online resource</marc:subfield>
         <marc:subfield code="b">cr</marc:subfield>
         <marc:subfield code="2">rdacarrier</marc:subfield>
      </marc:datafield>
      <marc:datafield tag="347" ind1=" " ind2=" ">
         <marc:subfield code="a">text file</marc:subfield>
         <marc:subfield code="2">rdaft</marc:subfield>
      </marc:datafield>
      <marc:datafield tag="347" ind1=" " ind2=" ">
         <marc:subfield code="b">PDF</marc:subfield>
      </marc:datafield>
      <marc:datafield tag="538" ind1=" " ind2=" ">
         <marc:subfield code="a">System requirements: Adobe Reader or other PDF viewer.</marc:subfield>
      </marc:datafield>
      <marc:datafield tag="588" ind1=" " ind2=" ">
         <marc:subfield code="a">Description based on online resource; title from PDF title page.</marc:subfield>
      </marc:datafield>
      <marc:datafield tag="500" ind1=" " ind2=" ">
         <marc:subfield code="a">Extent pagination is PDF page count.</marc:subfield>
      </marc:datafield>
      <marc:datafield tag="500" ind1=" " ind2=" ">
         <marc:subfield code="a">Advisory committee: Luis Molinuevo Balicas, Professor Co-Directing Dissertation; Efstratios Manousakis, Professor Co-Directing Dissertation; Qing-Xiang Amy Sang, University Representative; Peng Xiong, Committee Member; Jorge Piekarewicz, Committee Member.</marc:subfield>
      </marc:datafield>
      <marc:datafield tag="500" ind1=" " ind2=" ">
         <marc:subfield code="a">A Dissertation submitted to the Department of Physics in partial fulfillment of the requirements for the degree of Doctor of Philosophy.</marc:subfield>
      </marc:datafield>
      <marc:datafield tag="500" ind1=" " ind2=" ">
         <marc:subfield code="a">Date of Defense: February 28, 2022.</marc:subfield>
      </marc:datafield>
      <marc:datafield tag="502" ind1=" " ind2=" ">
         <marc:subfield code="b">Ph.D.</marc:subfield>
         <marc:subfield code="c">Florida State University</marc:subfield>
         <marc:subfield code="d">2022.</marc:subfield>
      </marc:datafield>
      <marc:datafield tag="520" ind1="3" ind2=" ">
         <marc:subfield code="a">This thesis is mainly focus on the 3D topological semimetal and 2D materials. If you ask a physicist to name the most significant discovery in solid-state physics over the recent 50 years, and highly likely, if not high-temperature superconductivity, will be topological materials or 2D materials. The study of them has profoundly impacted our understanding of the solid-state system, as recognized by four Nobel prizes. Chapter 1 is a brief introduction of topological semimetal and 2D materials. Chapter 2 focuses on a quantum oscillatory study on the Dirac type-II semimetallic candidates PdTe2 and PtTe2. In high-quality single crystals of both compounds, i.e. displaying carrier mobilities between 10^3 and 10^4 cm2/Vs, we observed a large non-saturating magnetoresistivity (MR) which in PtTe2 at a temperature T = 1.3 K, leads to an increase in the resistivity up to 5*10^4% under a magnetic field μ0H = 62 T. These high mobilities correlate with their light effective masses in the range of 0.04 to 1 bare electron mass according to our measurements. For PdTe2 the experimentally determined Fermi surface cross-sectional areas show an excellent agreement with those resulting from band-structure calculations. Surprisingly, this is not the case for PtTe2 whose agreement between calculations and experiments is relatively poor even when electronic correlations are included in the calculations. Therefore, our study provides a strong support for the existence of a Dirac type-II node in PdTe2 and probably also for PtTe2. Band structure calculations indicate that the topologically non-trivial bands of PtTe2 do not cross the Fermi-level (εF). In contrast, for PdTe2 the Dirac type-II cone does intersect εF , although our calculations also indicate that the associated cyclotron orbit on the Fermi surface is located in a distinct kz plane with respect to the one of the Dirac type-II node. Therefore it should yield a trivial Berry-phase. Chapter 3 presents a study on the Fermi-surface of the Dirac type-II semi-metallic candidate NiTe2. In contrast to its isostructural compounds like PtSe2, band structure calculations predict NiTe2 to display a tilted Dirac node very close to its Fermi level that is located along the Γ to A high symmetry direction within its first Brillouin zone (FBZ). The angular dependence of the dHvA frequencies is found to be in agreement with the first-principle calculations when the electronicbands are slightly shifted with respect to the Fermi level (εF ), and therefore provide support for the existence of a Dirac type-II node in NiTe2. Nevertheless, we observed mild disagreements between experimental observations and density Functional theory calculations as, for example, nearly isotropic and light experimental effective masses. This indicates that the dispersion of the bands is not well captured by DFT. Despite the coexistence of Dirac-like fermions with topologically trivial carriers, samples of the highest quality display an anomalous and large, either linear or sublinear magnetoresistivity. This suggests that Lorentz invariance breaking Dirac-like quasiparticles dominate the carrier transport in this compound. Chapter 4 describes a study on a 2D superconductor. The superconducting α-phase thin molybdenum carbide flakes were first synthesized, and a subsequent sulfurization treatment induced the formation of vertical heterolayer systems consisting of different phases of molybdenum carbide— ranging from α to γ′ and γ phases—in conjunction with molybdenum sulfide layers. These transition-metal carbide/disulfide heterostructures exhibited critical superconducting temperatures as high as 6 K, higher than that of the starting single-phased α-Mo2C (4 K). We analyzed possible interface configurations to explain the observed moire patterns resulting from the vertical heterostacks. Our density-functional theory (DFT) calculations indicate that epitaxial strain and moire patterns lead to a higher interfacial density of states, which favors superconductivity. Suchengineered heterostructures might allow the coupling of superconductivity to the topologically nontrivial surface states featured by transition-metal carbide phases composing these heterostructures potentially leading to unconventional superconductivity. Moreover, we envisage that our approach could also be generalized to other metal carbide and nitride systems that could exhibit high-temperature superconductivity. In chapter 5, We introduce a new moire system: InSe/GaSe hetero-structure. To date, the moire physics has been constrained mainly by two factors i) the dimensionality, defined by the stacking of monolayers, and ii) the twist angle ϕ which unveils novel phases only at quite precise values (e.g. superconductivity, orbital magnetism, correlated insulator states). Here, we overcome these practical limitations through a new class of heterostructures composed of strongly coupled layers of γ-InSe on ϵ-GaSe revealing compelling evidence for the moire potential even in thick stacked layers and at arbitrary values of ϕ. We detect a pronounced interlayer exciton (Xi) of very small radius according to the Stark effect, that is composed of several superimposed emissions uniformly spaced in energy ΔE displaying a pronounced ϕ-dependence. In the interfacial area, similar behavior is also shown by the intralayer exciton of GaSe (X0(Ga)). The strong correlation between ϕ and δEimplies localization of excitations at the moire potential minima. In contrast to transition metal dichalcogenides (TMDs), the moire potential modulates the multi-component Xi over the entire range of ϕ due to their direct band-gap at the center of the Brillouin zone. Therefore, γ-InSe/ϵ-GaSe interfaces offer an unprecedented level of moire exciton tunability not yet achieved in other vans der Waals heterostructures. Our results unveil clear pathways for quantum optoelectronics while offering opportunities to study electronic correlations over a broad range of moire periodicities and layer thicknesses.</marc:subfield>
      </marc:datafield>
      <marc:datafield tag="504" ind1=" " ind2=" ">
         <marc:subfield code="a">Includes bibliographical references.</marc:subfield>
      </marc:datafield>
      <marc:datafield tag="506" ind1=" " ind2=" ">
         <marc:subfield code="a">This thesis/dissertation may be embargoed for a limited time. Click access link to check availability.</marc:subfield>
      </marc:datafield>
      <marc:datafield tag="650" ind1=" " ind2="0">
         <marc:subfield code="a">Physics</marc:subfield>
      </marc:datafield>
      <marc:datafield tag="655" ind1=" " ind2="7">
         <marc:subfield code="a">Electronic Thesis or Dissertation.</marc:subfield>
         <marc:subfield code="2">dct</marc:subfield>
      </marc:datafield>
      <marc:datafield tag="690" ind1=" " ind2="7">
         <marc:subfield code="a">FSU Dissertations.</marc:subfield>
         <marc:subfield code="2">local</marc:subfield>
         <marc:subfield code="9">LOCAL</marc:subfield>
      </marc:datafield>
      <marc:datafield tag="710" ind1="2" ind2=" ">
         <marc:subfield code="a">Florida State University.</marc:subfield>
         <marc:subfield code="e">degree granting institution.</marc:subfield>
         <marc:subfield code="0">http://id.loc.gov/authorities/names/n80126238</marc:subfield>
      </marc:datafield>
      <marc:datafield tag="856" ind1="4" ind2="0">
         <marc:subfield code="3">DigiNole</marc:subfield>
         <marc:subfield code="u">https://purl.lib.fsu.edu/diginole/2022_zheng_fsu_0071E_16974</marc:subfield>
         <marc:subfield code="y">Connect to online content:</marc:subfield>
      </marc:datafield>
      <marc:datafield tag="796" ind1="1" ind2=" ">
         <marc:subfield code="a">Balicas, Luis,</marc:subfield>
         <marc:subfield code="e">professor co-directing dissertation</marc:subfield>
         <marc:subfield code="9">LOCAL</marc:subfield>
      </marc:datafield>
      <marc:datafield tag="796" ind1="1" ind2=" ">
         <marc:subfield code="a">Manousakis, Efstratios,</marc:subfield>
         <marc:subfield code="e">professor co-directing dissertation</marc:subfield>
         <marc:subfield code="9">LOCAL</marc:subfield>
      </marc:datafield>
      <marc:datafield tag="796" ind1="1" ind2=" ">
         <marc:subfield code="a">Sang, Qing-Xiang,</marc:subfield>
         <marc:subfield code="e">university representative</marc:subfield>
         <marc:subfield code="9">LOCAL</marc:subfield>
      </marc:datafield>
      <marc:datafield tag="796" ind1="1" ind2=" ">
         <marc:subfield code="a">Xiong, Peng,</marc:subfield>
         <marc:subfield code="e">committee member</marc:subfield>
         <marc:subfield code="9">LOCAL</marc:subfield>
      </marc:datafield>
      <marc:datafield tag="796" ind1="1" ind2=" ">
         <marc:subfield code="a">Piekarewicz, Jorge,</marc:subfield>
         <marc:subfield code="e">committee member</marc:subfield>
         <marc:subfield code="9">LOCAL</marc:subfield>
      </marc:datafield>
      <marc:datafield tag="797" ind1="2" ind2=" ">
         <marc:subfield code="a">Florida State University.</marc:subfield>
         <marc:subfield code="b">Department of Physics.</marc:subfield>
         <marc:subfield code="9">LOCAL</marc:subfield>
      </marc:datafield>
      <marc:datafield tag="904" ind1=" " ind2=" ">
         <marc:subfield code="a">4</marc:subfield>
         <marc:subfield code="9">LOCAL</marc:subfield>
      </marc:datafield>
   </marc:record>